1656 2674
147 187 183 220 3.
211 182 302 221 Goeli
325 185 532 220 hierarchica

256 235 343 268 hunc
367 235 480 269 laudet
507 236 659 281 dignitas,

210 283 349 317 Nostras
376 285 429 326 qui
460 285 610 319 sublevat

256 342 318 374 per
341 337 376 366 te
400 334 560 376 miserias,

206 382 384 415 Perversas
409 382 551 415 hostium

255 429 352 471 pellit
375 431 547 473 versutias,

208 478 358 511 Dimittit
388 480 533 521 crimina,

258 525 405 561 infundit
429 529 561 570 gratias.

146 606 182 639 4.
207 602 324 640 Diram
348 606 556 646 tyrannidem

259 662 345 687 nunc
369 653 551 686 infidelium

209 703 315 736 Tuum
341 706 476 735 evacuet

256 760 318 793 per
342 751 572 795 patrocinium,

211 799 331 833 Matris
358 800 516 832 ecclesiae

255 851 360 882 totum
385 847 559 881 confinium

211 897 283 930 Sibi
310 897 462 929 conciliet

260 946 340 979 dans
364 954 479 986 pacem
504 951 698 987 temporum.

145 1023 181 1056 5.
206 1019 295 1057 Ecce
315 1023 367 1055 sol
392 1032 548 1063 procrees

257 1074 293 1104 tu
318 1071 418 1104 vitem
444 1070 606 1111 floridam,

209 1120 298 1160 Quae
321 1122 462 1152 mentem
486 1120 615 1153 debriat

257 1177 368 1201 amore
392 1167 565 1209 fervidam,

204 1216 334 1250 Nubem
366 1215 547 1249 facinorum

250 1265 355 1307 pellat
384 1269 417 1297 et
441 1266 594 1308 gelidam,

205 1314 295 1355 Quae
315 1318 458 1347 mentem
484 1313 586 1347 efficit

251 1364 286 1396 in
311 1362 406 1395 bonis
432 1363 588 1403 tepidam¹

146 1442 178 1475 6.
205 1437 287 1475 Fari
312 1448 378 1472 non
403 1440 526 1481 poterit

255 1488 344 1522 vocis
369 1489 517 1529 potentia

206 1538 277 1570 Nec
300 1537 419 1570 mentis
447 1537 575 1578 capitur

250 1585 471 1627 intelligentia

206 1634 278 1667 Nec
301 1634 393 1667 mille
416 1635 600 1675 panderent

251 1683 460 1717 Abecedaria

206 1731 342 1772 Quantis
367 1740 454 1764 nunc
479 1730 631 1772 praemiis

256 1779 362 1821 fulges
385 1780 420 1813 in
446 1781 561 1822 gloria.

147 1855 181 1889 7.
208 1850 325 1889 Gaude
349 1861 436 1884 nunc
458 1852 559 1893 igitur

256 1904 290 1934 et
314 1901 535 1945 aeternaliter,

201 1951 287 1984 Nam
316 1949 408 1983 vides
435 1948 537 1982 filium

250 2000 320 2041 J'am
345 1997 519 2040 facialiter,

206 2048 268 2089 Qui
293 2047 417 2081 cunctis
441 2048 608 2088 praesidet

254 2096 490 2139 potentialiter,

206 2146 306 2180 Salva
329 2154 389 2178 nos
413 2145 568 2186 precibus

253 2196 318 2228 tuis
344 2193 498 2228 finaliter.

143 2270 176 2304 8.
200 2265 368 2303 Honorem
391 2268 515 2309 jugiter

251 2320 343 2350 tuum
368 2317 599 2358 quaerentibus

202 2367 315 2409 Prosa,
345 2366 543 2399 carminibus

248 2416 319 2450 sive
344 2416 567 2458 concentibus,

766 87 834 124 121
889 107 934 112 —

917 187 1018 219 Adsis
1043 189 1078 219 et
1099 188 1253 228 protegas

966 236 1025 268 hos
1051 245 1072 268 a
1094 234 1284 268 nocentibus

917 284 964 317 Et
988 294 1009 317 a
1030 284 1158 325 justitia

965 332 1228 374 impedientibus

858 412 890 445 9.
917 407 1190 445 Inconfuscabilis

966 468 984 492 o
1010 462 1115 492 mater
1139 458 1281 503 luminis,

917 508 957 540 In
982 516 1057 540 arce
1078 506 1222 548 jubilans

965 556 1112 589 rubentis
1139 555 1296 597 culminis,

915 605 1043 638 Memor
1069 604 1226 637 ecclesiae

964 654 1008 685 sis
1035 653 1301 695 congregaminis.

917 701 1010 742 Quod
1035 702 1130 735 modo
1157 702 1316 742 premitur

954 751 1102 783 adversis
1127 750 1288 785 maximis

834 830 890 863 10.
917 825 1045 863 Kar-um
1069 837 1129 869 pro
1155 827 1304 860 omnibus

968 886 1064 909 exoro
1090 875 1203 919 filium,

916 925 1001 965 Quos
1019 928 1135 966 gravat
1159 924 1298 957 servitus

961 974 1030 1014 ,iam
1054 972 1245 1013 infidelium,

916 1021 964 1055 Ut
987 1022 1102 1054 horum
1128 1021 1222 1053 citius

967 1070 1075 1103 solvat
1099 1069 1248 1102 exsilium

917 1118 979 1151 Vel
997 1127 1075 1150 suae
1100 1118 1226 1159 gratiae

964 1169 1111 1207 praestet
1135 1166 1300 1200 auxilium.

832 1246 886 1281 11.
914 1242 1034 1280 Latens
1061 1255 1079 1279 o
1104 1245 1210 1278 lilium

963 1295 1041 1327 olim
1065 1295 1099 1327 in
1125 1293 1291 1334 vepribus,

916 1343 1112 1384 Exemplum
1137 1343 1283 1375 vividum

961 1395 1110 1433 praestas
1136 1391 1323 1433 humilibus,

912 1440 959 1474 Et
985 1449 1057 1473 cum
1080 1440 1244 1473 industria

961 1491 996 1521 te
1019 1488 1220 1521 intuentibus

912 1537 960 1570 Es
985 1547 1064 1570 vera
1089 1537 1203 1580 regula

963 1589 1053 1619 caste
1076 1585 1272 1619 viventibus.

831 1661 888 1695 12.
915 1656 1071 1700 Majestas
1099 1659 1192 1692 deica

962 1709 997 1740 in
1026 1708 1247 1740 sanctuarium

913 1756 962 1789 Te
979 1756 1043 1789 sibi
1068 1757 1199 1789 ordinat

964 1805 1033 1839 sive
1057 1804 1246 1845 sacrarium,

916 1853 984 1894 Quo
1009 1863 1086 1886 suae
1111 1853 1236 1896 gratiae

961 1906 1111 1944 praestat
1137 1901 1307 1935 donarium

914 1951 1011 1984 Vitae
1035 1950 1240 1985 vincentibus

963 2003 1134 2041 peccatum
1158 2000 1295 2034 varium.

834 2073 890 2109 13.
917 2070 985 2108 Nos
1013 2083 1089 2115 ergo
1118 2075 1234 2107 doceas

962 2123 1119 2155 mundum
1145 2123 1324 2165 despicere,

915 2171 1061 2206 Virtutes
1088 2172 1186 2205 animi

963 2221 1115 2254 sollerter
1138 2229 1304 2263 quaerere,

916 2268 1049 2303 Coelum
1075 2280 1114 2303 ex
1136 2270 1251 2303 intimo

966 2319 1074 2352 cordis
1100 2321 1266 2363 appetere,

912 2367 959 2401 Et
982 2370 1060 2409 post
1081 2368 1116 2402 in
1141 2370 1321 2411 praemium

961 2417 1048 2451 illud
1071 2419 1232 2461 accipere.
