1656 2674
146 192 205 225 54.

143 606 200 637 55.

141 1022 199 1054 56.

139 1440 195 1472 57.

141 1862 198 1894 58.

143 2270 199 2303 59.

230 192 277 225 Es
302 202 377 224 nam
405 191 505 224 filiola

276 249 389 281 regum
414 240 579 276 nobilium,

230 289 405 321 Parentum
430 287 540 328 genita

279 345 376 368 carne
401 335 571 374 sterilium,

229 384 333 416 Nobis
358 383 504 424 propitia

278 432 432 464 dilectum
457 430 569 475 filium,

229 480 290 519 Qui
313 489 478 520 nunquam
506 479 647 519 despicit:

275 536 390 568 preces
413 528 592 560 humilium.

226 605 273 637 Es
300 613 427 645 quoque
450 605 600 637 normula

276 652 493 696 obedientiae,

227 701 493 742 Humilitatisque

274 759 313 782 ac
340 750 566 790 continentiae,

224 799 281 831 Me
307 798 421 838 subde,
449 799 609 839 supplico,

273 847 338 888 legi
359 848 518 888 justitiae,

223 895 372 928 Foedum
397 904 457 936 per
482 896 609 928 scelera

278 944 511 984 impudicitiae.

226 1021 277 1054 Tu
302 1022 355 1054 via
380 1022 541 1054 hominem

273 1071 415 1103 reddens
442 1071 614 1111 principio,

224 1120 255 1152 A
282 1128 343 1160 quo
368 1117 549 1152 defluxerat

273 1171 445 1208 parentum
472 1168 564 1201 vitio.

222 1216 290 1257 Me,
318 1217 373 1257 qui
398 1220 431 1248 te
459 1226 595 1249 veneror

272 1265 334 1297 hoc
359 1264 532 1307 famulitio,

223 1314 405 1347 Praeserva
429 1314 576 1354 precibus

273 1372 293 1395 a
318 1362 428 1403 Stygis
455 1363 574 1397 crucio.

222 1440 273 1473 Tu
298 1449 424 1481 quoque
449 1441 575 1475 semita.

271 1498 353 1530 quae
378 1498 437 1522 nos
461 1490 654 1530 compendio

222 1538 324 1571 Ducis
350 1539 391 1571 ad
417 1539 560 1579 patriam

270 1587 378 1627 precis
404 1588 580 1628 stipendio,

220 1636 312 1669 Lera
338 1636 525 1668 dulcissimo

270 1687 325 1717 tuo
349 1685 515 1725 praesidio

221 1734 276 1767 Me
302 1742 451 1775 pressum
477 1734 621 1775 graviter

272 1783 381 1815 cordis
408 1781 553 1816 fastidio.

226 1861 277 1893 Tu
303 1870 337 1892 es
364 1860 526 1893 stellifer-a

276 1910 351 1949 dux,
379 1910 444 1942 tuis
470 1910 623 1950 precibus

226 1959 281 1991 Ad
309 1958 391 1990 coeli
417 1959 559 1998 patriam

275 2006 404 2039 Christo
432 2007 640 2039 credentibus

227 2055 278 2088 Sis
304 2055 395 2096 mihi,
425 2055 594 2098 deprecor,

277 2105 310 2135 et,
336 2104 570 2136 contribulibuf

225 2151 343 2183 Redux
369 2160 429 2192 per
456 2153 550 2184 devia

273 2199 513 2234 itinerantibus

227 2271 277 2303 Tu
302 2271 389 2311 regis
413 2272 511 2306 linea,

275 2328 339 2359 qua
364 2320 434 2360 regi
459 2320 594 2359 cupiunt

227 2366 322 2406 Justi‚
350 2368 404 2407 qui
430 2371 560 2399 strenue

276 2414 347 2447 Deo
374 2415 540 2457 obediunt,

697 92 937 127 -76—

931 188 1060 221 Privati
1085 186 1191 227 gratia

979 245 999 267 a
1025 238 1058 267 te
1084 234 1265 275 diffugiunt,

930 284 997 317 Sed
1021 283 1103 316 nadi
1126 282 1206 315 fidei

980 332 1023 364 ad
1047 334 1082 363 te
1108 330 1309 372 confugiunt.

846 397 905 430 60.
930 395 981 428 Tu
1004 404 1070 428 non
1094 395 1272 436 incongrue

979 444 1116 477 Vocaris
1141 444 1295 484 stadium,

931 494 997 526 Per
1023 492 1182 534 evangelii

980 541 1103 582 Legem
1127 541 1335 582 currentium⁷

929 591 995 623 Per
1020 599 1116 631 quam
1140 590 1336 631 perveniunt

979 639 1023 671 ad
1050 639 1133 671 coeli
1157 639 1316 675 bravium„

931 688 1061 729 Omnes,
1089 688 1143 729 qui
1168 688 1310 720 retinent

980 737 1099 769 amoris
1124 737 1262 770 basium.

847 800 904 834 61.
930 799 981 831 Tu
1006 798 1087 831 felix
1113 802 1226 840 portus
1251 808 1296 832 es.

978 848 1020 881 ad
1046 856 1143 889 quem
1167 848 1332 889 navigium

930 897 1064 930 Fideles
1092 896 1238 937 dirigunt

979 945 1069 985 passi
1093 943 1310 986 naufragium,

932 994 1085 1027 Petentes
1108 994 1231 1035 jugiter

977 1045 1070 1075 tuum
1096 1042 1293 1084 suffragium,

931 1091 1045 1123 Donec
1071 1090 1223 1132 effugiant

977 1140 1092 1172 mortis
1119 1140 1265 1171 exitium.

842 1204 899 1236 62.
926 1203 986 1246 Tu,
1014 1203 1116 1243 virgo,
1148 1203 1238 1235 scala
1264 1211 1308 1239 es,

974 1260 1037 1292 qua
1064 1251 1188 1283 coelum
1210 1251 1395 1292 scanditur,

925 1300 977 1332 Ab
1004 1300 1066 1332 hoc
1090 1300 1277 1340 praecipue,

974 1349 1029 1389 qui
1054 1348 1108 1380 hic
1134 1349 1324 1389 despicitur,

924 1396 1011 1429 Nam
1035 1397 1097 1429 tibi
1120 1400 1251 1429 strenue

974 1446 1002 1478 si
1028 1446 1099 1486 quis
1124 1446 1285 1485 innititur,

923 1495 964 1528 In
989 1493 1126 1527 fundum
1149 1495 1268 1527 tartari

973 1553 1138 1584 nunquam
1164 1542 1381 1583 immergitur.

1015 1619 1138 1657 Caput
1159 1622 1318 1648 sextum.

841 1672 898 1704 63.
925 1670 977 1703 Tu
1001 1671 1098 1702 stella
1125 1671 1260 1702 coelitus

975 1719 1145 1752 abundans
1171 1719 1345 1757 mercibus,

928 1768 999 1808 Qua
1025 1771 1057 1800 et
1081 1768 1271 1801 reconditur

977 1817 1150 1849 thesaurus
1175 1817 1346 1860 maximus,

930 1867 996 1900 Per
1020 1875 1116 1907 quem
1140 1866 1314 1900 redimitur

982 1925 1001 1947 a
1025 1915 1143 1947 mentis
1168 1915 1317 1948 nexibus.

933 1963 1055 2003 Quibus
1082 1964 1316 2005 constringitur

981 2022 1000 2045 a
1025 2013 1131 2045 tribus
1157 2013 1318 2047 hostibus.

848 2075 904 2109 64.
933 2075 984 2108 Tu
1009 2077 1110 2109 turris
1136 2077 1286 2115 Davidis,

983 2134 1047 2166 qua
1071 2126 1163 2157 mille
1189 2126 1310 2165 clippei

934 2173 1095 2214 Pendent,
1123 2174 1178 2213 qui
1205 2173 1347 2206 credulis

986 2222 1066 2254 dant
1091 2221 1191 2254 robur
1216 2220 1306 2263 fidei,

934 2269 1002 2308 Quo
1027 2269 1156 2309 possint
1181 2268 1334 2310 frangere

982 2317 1084 2349 hostis
1110 2317 1248 2349 tartarei

933 2365 1036 2398 Omne
1061 2365 1225 2397 obsidium

983 2416 1015 2445 et
1041 2422 1167 2445 sursum
1195 2416 1341 2454 provehi.
