1656 2674
241 455 298 488 25.

241 914 298 947 27.

241 1165 298 1198 28.

239 1416 296 1451 29.

240 1717 297 1751 30.

237 1971 294 2005 31.

236 2177 292 2211 32.

290 222 298 231 .
323 196 389 230 Dei
408 202 525 234 mater,
552 207 571 231 o
587 199 679 240 virgo
695 199 868 240 virgin-mn,

326 245 560 287 Quaeportasti
568 247 705 280 salutem
716 248 868 288 omnium,

324 294 411 328 Vera
436 296 560 328 cunctis
587 305 662 337 spes
680 296 869 328 medicami-

639 353 725 384 num,

327 391 395 424 Nos
402 392 868 434 expurgalabepeccaminum.

327 455 352 488 Ο
378 454 497 496 Maria,
523 456 648 488 laetare
672 455 821 496 maxime,

326 503 415 543 Quae
427 504 461 535 in
471 504 587 536 throno
597 504 691 536 sedes
701 503 869 545 altissime,

325 551 369 584 Et
397 552 518 592 adepta
544 552 656 585 vivens
679 551 868 596 humillime,

325 599 446 632 Hostes
479 604 608 633 nostros
634 603 786 642 potenter
812 609 870 641 op-

640 648 755 690 prime.

291 736 298 744 .
328 710 431 743 Stella
441 711 563 743 micans
570 712 669 751 plena
677 708 869 754 fulgoribus,

327 759 422 791 Viam
435 759 597 799 praebens
609 763 642 791 te
657 759 870 802 intuentibus,

326 807 530 840 Emundatos
542 808 711 848 culparum
719 807 871 840 sordibus

325 855 395 888 Nos
408 856 548 889 catervis
555 857 656 897 junge
666 856 868 889 coelestibus.

327 913 428 954 Virgo
435 922 539 954 sacra,
548 922 630 954 quae
637 923 702 946 non
709 922 747 946 ex
756 913 879 945 semine

333 961 519 1002 concepisti
532 963 589 994 sed
605 965 716 994 sancto
731 960 870 1002 fiamine,

329 1009 441 1043 Jesum
468 1010 650 1053 Christum,
688 1013 872 1042 sanctorum

640 1058 768 1099 agmine

326 1106 395 1139 Nos
423 1107 545 1139 colloca
570 1110 625 1138 tuo
648 1106 826 1146 juvamine.

326 1164 427 1205 Virgo
434 1165 557 1204 Aaron,
570 1173 652 1204 quae
660 1163 871 1196 tabernaculo

326 1212 487 1245 Floruisti
512 1215 603 1245 tanto
629 1212 797 1252 miraculo,

325 1261 483 1294 Fructum
534 1260 696 1301 praebens
741 1260 870 1301 captivo

639 1308 780 1349 saeculo,

323 1357 433 1389 Vitam
457 1360 513 1390 tuo
539 1358 661 1398 largire
686 1357 817 1397 populo.

323 1415 427 1456 Virga
451 1416 545 1449 Jesse
570 1416 673 1456 regali
699 1423 828 1456 genere,

326 1463 425 1504 Cujus
451 1464 573 1504 gaudet
594 1464 782 1503 redemptus
799 1472 868 1495 mu—

637 1520 716 1544 nere

325 1560 427 1593 Totus
444 1561 583 1593 mundus
600 1561 636 1594 in
657 1559 779 1594 Christi
796 1561 868 1593 vul-

638 1617 727 1652 nere,

323 1658 432 1691 Vitam
461 1657 556 1690 nobis
582 1658 664 1690 velis
689 1657 869 1698 acquirere.

323 1716 531 1757 Deprecare,
569 1719 754 1750 sanctorum
791 1724 868 1756 gau-

638 1765 737 1805 dium,

324 1814 440 1857 Tuum,
468 1816 581 1845 sancta
602 1812 722 1854 puella,
741 1811 855 1857 filium,

322 1862 370 1896 Ut
382 1872 441 1895 nos
453 1862 569 1903 jungat
582 1863 672 1903 gregi
683 1861 870 1894 coelestium

325 1911 536 1945 Saeculorum
566 1912 600 1943 in
625 1910 691 1944 fine
716 1911 867 1946 omnium.

321 1970 443 2009 Mater,
471 1978 533 2010 ope
558 1977 712 2002 succurre
739 1969 847 2012 celeri,

322 2018 374 2052 Ne
398 2017 521 2051 inferni
544 2018 716 2051 tradamur
733 2019 868 2059 carceri,

321 2067 371 2102 Ut
394 2067 559 2109 possimus
586 2070 752 2100 consortes
777 2065 850 2099 fieri

323 2117 424 2158 Coeli,
451 2115 546 2148 nobis
569 2116 703 2157 januam
729 2116 830 2157 aperi.

321 2175 462 2219 Nostris,
470 2175 573 2217 virgo,
584 2174 694 2208 faveto
704 2174 868 2219 precibus,

319 2224 520 2265 Angelorum
534 2233 593 2257 nos
600 2225 702 2266 junge
712 2223 867 2269 coetibus,

321 2274 366 2308 Ut
387 2274 561 2307 laudantes
579 2276 613 2306 te
629 2273 755 2314 magnis
773 2273 867 2314 plau-

633 2322 722 2356 sibus

319 2372 531 2407 Exsultemus
559 2381 631 2405 cum
658 2372 779 2405 sanctis
799 2381 866 2405 om-

632 2422 738 2456 nibus.

942 201 999 234 33.

944 458 1000 491 34.

945 714 1000 747 35.

946 1013 1001 1045 36.

944 1214 1000 1246 37.

943 1513 998 1547 38.

944 1766 1001 1799 39.

941 1970 999 2003 40.

942 2273 999 2307 41.

1025 200 1130 233 Natos
1155 202 1239 240 tuos,
1267 209 1285 232 o
1309 203 1425 243 mater,
1452 200 1569 242 libera,

1026 249 1126 290 Virgo
1157 257 1291 281 manens
1319 247 1439 281 Christi
1474 258 1570 289 puer-

1335 306 1426 337 pera,

1028 347 1079 379 Ne
1095 354 1153 378 nos
1173 345 1305 378 damnet
1319 344 1442 377 inferni
1459 345 1573 386 vipera

1029 394 1254 427 Succurrendo
1281 394 1373 426 nobis
1400 394 1558 426 accelera.

1027 457 1227 498 Angelorum
1252 456 1387 489 laudata
1410 457 1561 500 modulis,

1027 504 1198 538 Universis
1223 504 1375 537 miranda
1399 505 1541 546 populis,

1027 554 1127 593 Virgo
1155 553 1279 585 cunctis
1305 554 1475 594 praeclara
1503 562 1570 585 -ae-

1341 602 1421 634 culis

1026 650 1134 682 Vitam
1162 649 1236 689 tuis
1252 650 1384 689 acquire
1410 650 1558 684 servulis

1027 712 1208 746 Benedicta
1231 715 1266 744 in
1290 711 1491 754 mulieribus,

1028 761 1230 802 Terogamus
1235 760 1401 792 immensis
1409 759 1572 800 precibus,

1028 809 1079 841 Ne
1112 817 1171 842 nos
1198 807 1329 841 claudat
1353 807 1475 840 inferni
1500 807 1571 840 fau-

1341 856 1430 889 cibus

1030 905 1188 945 Daemon,
1215 905 1281 937 suis
1308 905 1430 937 obsiste
1447 903 1571 936 fraudi-

1341 953 1410 985 bus..

1030 1011 1135 1052 Super
1162 1014 1217 1042 tua
1237 1010 1334 1051 plebe
1349 1020 1413 1043 non
1432 1010 1572 1051 gaudeat

1029 1060 1117 1092 Tuus
1134 1059 1236 1091 hostis
1255 1060 1314 1091 sed
1330 1058 1433 1099 magis
1450 1058 1569 1099 doleat,

1028 1108 1099 1140 Tua
1124 1107 1218 1140 nobis
1244 1108 1348 1140 virtus
1374 1107 1566 1147 praevaleat

1027 1156 1073 1188 Et
1089 1157 1122 1187 in
1140 1155 1224 1187 bono
1239 1164 1368 1196 semper
1380 1164 1439 1188 nos
1453 1158 1574 1187 teneat.

1028 1213 1142 1249 Tuam,
1157 1216 1272 1252 mater,
1282 1221 1377 1244 serva
1387 1213 1573 1256 ecclesiam,

1029 1261 1163 1295 Omnem
1188 1261 1315 1301 pellens
1342 1261 1382 1293 ab
1409 1261 1472 1293 hac
1494 1262 1573 1293 tris-

1339 1309 1456 1349 titiam,

1026 1358 1072 1390 Et
1089 1363 1254 1390 aeternam
1272 1358 1395 1397 praebe
1411 1358 1572 1390 laetitiam

1026 1407 1082 1439 Ad
1116 1409 1302 1439 sanctorum
1335 1407 1418 1438 hanc
1451 1407 1573 1439 ducens

1340 1455 1488 1495 gloriam.

1027 1513 1118 1546 Tuae
1149 1512 1257 1545 laudis
1283 1513 1428 1553 quisquis
1454 1522 1573 1545 memo-

1338 1561 1420 1593 riam

1028 1609 1216 1643 Celebrabit
1241 1610 1407 1650 poscendo
1433 1611 1573 1651 veniam,

1027 1659 1077 1691 Tu
1103 1657 1156 1691 fac
1180 1658 1231 1690 illi
1254 1658 1524 1698 misericordiam,

1026 1708 1227 1750 Angelorum
1254 1707 1405 1740 donando
1425 1708 1572 1749 gloriam.

1028 1764 1572 1807 Novumnobisconferremedium‚

1025 1813 1073 1847 Ut
1082 1814 1254 1855 possimus,
1270 1822 1287 1845 o
1298 1814 1390 1855 virgo
1400 1814 1573 1856 virginum,

1026 1862 1074 1895 Te
1099 1862 1236 1895 laudare
1261 1866 1416 1903 tuumque
1441 1861 1544 1895 filium

1025 1911 1070 1944 Et
1096 1912 1217 1944 habere
1245 1911 1325 1943 coeli
1353 1912 1560 1946 consortium.

1027 1969 1185 2003 Nostrum
1222 1969 1321 2002 decus
1360 1973 1393 2001 et
1426 1973 1574 2003 nostrum

1341 2018 1505 2059 gaudium.

1027 2067 1118 2101 Rosa
1151 2076 1310 2109 vernans,
1350 2065 1502 2108 fragrans
1539 2072 1577 2101 ut

1340 2116 1455 2158 lilium,

1028 2164 1129 2198 Sedes
1155 2164 1250 2198 nobis
1270 2165 1356 2197 dona
1374 2165 1573 2209 coelestium,

1026 2214 1080 2247 Ad
1096 2214 1259 2247 coelorum
1272 2214 1393 2247 ducens
1403 2215 1571 2255 palatium.

1028 2273 1184 2306 Trinitati
1210 2273 1253 2305 sit
1278 2273 1360 2317 laus,
1388 2275 1547 2317 potentia,

1026 2322 1151 2364 Honor,
1179 2322 1283 2354 virtus
1311 2325 1344 2355 et
1366 2323 1573 2368 excellentia,

1027 2372 1112 2413 Tibi,
1141 2371 1243 2413 virgo,
1271 2381 1396 2405 summa
1421 2372 1558 2417 laetitia,

1027 2421 1131 2455 Nobis
1148 2425 1253 2453 autem
1272 2420 1423 2463 perfecta
1441 2424 1573 2464 gaudia.
