1656 2674
717 63 981 100 -117—

670 177 720 210 30.
760 177 974 211 Abecedarius
995 179 1033 212 V.

200 246 236 280 1.
263 244 365 282 Alma
389 250 560 290 progenies

311 297 424 338 stirpis
449 297 640 342 Davidicae,

262 343 419 378 Divinum
441 344 609 380 flosculum

311 393 446 434 gignens
471 394 617 439 mirifice,

262 442 394 475 Amoris
419 442 556 476 brachia

311 499 410 531 super
435 500 494 525 nos
520 494 655 536 projice,

262 539 319 572 Ad
343 538 463 573 bonum
487 540 616 585 robora,

314 587 454 621 adversa
478 589 594 630 abjice.

200 647 235 680 2.
263 643 402 680 Beatam
427 648 597 687 praedicat

314 698 348 726 te
373 695 477 728 omnis
502 696 601 739 natio,

263 744 312 778 Ut
335 744 592 784 prophetaveras

309 792 344 824 in
369 795 425 825 tuo
451 793 586 835 cantico,

264 840 303 873 In
330 850 392 881 quo
420 841 617 875 describitur

312 888 375 921 Dei
401 889 557 929 laudatio,

263 937 336 970 Tua
360 938 552 979 sublimitas,

312 990 426 1018 nostra
449 987 641 1028 redemptio,

199 1044 236 1077 3.
265 1041 412 1084 Carmen,
439 1053 458 1076 o
485 1044 625 1086 domina,

312 1094 403 1124 tuum
427 1091 597 1125 mirificum

262 1140 367 1173 Deum
392 1149 473 1181 prae
497 1141 644 1174 omnibus

311 1189 430 1228 pandit
452 1188 668 1233 magnificum,

268 1237 405 1270 Cautum
430 1237 604 1270 sirenicum

312 1293 351 1317 ac
375 1285 623 1328 philomenicum

264 1333 385 1374 Vincit,
413 1334 586 1367 dulcedine

312 1382 371 1415 sed
396 1382 507 1415 vinum
527 1382 711 1424 Cypricum.

195 1441 234 1474 4.
260 1438 325 1475 Dei
348 1443 386 1473 ut
408 1441 532 1473 musica

313 1488 513 1522 concordans
538 1488 672 1522 vocibus

261 1537 411 1571 Solamen
437 1538 611 1578 plurimum

311 1586 368 1618 dat
393 1585 610 1627 audientibus,

262 1634 317 1668 Sic
341 1638 431 1667 tuum
458 1635 619 1668 canticum

310 1685 344 1714 te
367 1683 599 1716 venerantibus

260 1731 362 1765 Sonat
387 1732 575 1765 dulcissime

308 1780 426 1813 mentis
451 1780 486 1813 in
512 1781 655 1816 auribus,

197 1838 233 1872 5.
260 1836 399 1873 Exaltat
421 1838 569 1883 humiles,

297 1887 424 1928 spernit
449 1886 646 1929 superbiam,

258 1936 481 1969 Esnrientium

308 1985 398 2019 levat
421 1985 574 2029 inopiam,

260 2034 408 2075 Spondet
430 2033 619 2067 timentibus

305 2082 573 2125 misericordiam,

260 2131 316 2165 Sic
340 2131 583 2173 poenitentibus

306 2181 390 2214 lenit
415 2181 592 2223 angariam.

190 2242 229 2275 6.
256 2237 354 2276 Fecit
377 2240 542 2273 veraciter

306 2289 418 2324 divina
443 2289 550 2332 gratia

254 2338 293 2372 In
318 2341 363 2381 te,
391 2338 597 2372 sanctissima

306 2388 409 2431 virgo,
436 2388 609 2430 magnalia,

961 250 1102 285 Multum
1122 261 1198 284 nam
1223 251 1338 284 extulit

1008 303 1041 333 te
1065 309 1163 342 super
1188 300 1304 341 omnia,

964 348 1047 381 Olim
1074 357 1156 389 quae
1180 347 1302 382 fecerat

1010 406 1070 430 sua
1093 397 1249 437 potentia.

904 456 935 490 7.
965 452 1118 490 (laudens
1145 465 1232 488 nunc
1255 456 1356 498 igitur

1013 506 1126 536 sancta
1151 504 1288 537 ecclesia

964 551 1101 585 Exaltat
1120 552 1234 593 jubilis

1011 603 1069 633 tua
1091 601 1275 645 praeconia,

964 648 1036 681 Tua
1060 649 1232 682 sinceriter

1011 700 1125 738 petens
1152 696 1314 740 suffragia,

962 745 1064 785 Quam
1090 748 1205 786 gravat
1229 746 1401 788 multiplex

1009 794 1124 827 mundi
1147 794 1289 827 miseria.

902 852 935 887 8.
963 848 1057 885 Hanc
1080 852 1211 892 quidem
1237 851 1358 885 deforis

1010 900 1098 933 bella
1121 901 1282 941 paganica

971 949 1137 990 Premunt,
1164 949 1357 982 intrinsecus

1009 997 1184 1029 molestant
1210 998 1327 1041 civica,

967 1045 1215 1078 Misericordiae

1008 1098 1042 1125 tu
1066 1102 1196 1126 manum
1221 1094 1361 1137 applica,

960 1141 1007 1174 Et
1033 1142 1244 1175 adversantia

1013 1192 1128 1222 cuncta
1151 1190 1299 1230 pacifica.

901 1249 933 1282 9.
960 1244 1001 1282 In
1026 1247 1116 1288 pacis
1143 1249 1261 1281 etenim

1012 1298 1144 1329 sanctae
1168 1298 1329 1331 consortio

964 1343 1098 1377 Constat
1124 1345 1280 1378 ecclesiae

1015 1401 1095 1425 vera
1119 1393 1245 1434 religio,

955 1440 1043 1474 Hinc
1068 1442 1111 1475 ad
1134 1445 1168 1474 te
1194 1442 1338 1476 clamitat

1010 1498 1070 1530 pro
1097 1491 1270 1531 adjutorio,

963 1537 1052 1577 Quae
1075 1539 1172 1572 modo
1198 1538 1343 1580 quatitur

1008 1588 1125 1628 grandi
1152 1587 1320 1621 disturbiO.

877 1645 933 1679 10.
959 1642 1053 1680 Kaco
1077 1655 1154 1679 nam
1181 1646 1352 1679 daemones

1013 1703 1085 1726 cum
1110 1695 1176 1727 suis
1202 1694 1373 1728 fraudibus

962 1741 1058 1775 Nunc
1081 1743 1308 1783 multipliciter

1013 1794 1046 1824 et
1070 1791 1265 1825 satellitibus

963 1839 1092 1873 Pericla
1114 1839 1260 1873 inferunt

1012 1888 1134 1922 Christi
1158 1888 1321 1930 fidelibus,

964 1936 1058 1978 Quos,
1086 1947 1104 1971 o
1131 1938 1326 1981 dulcissima,

1010 1987 1117 2019 solare
1143 1986 1248 2020 citius.

879 2045 935 2080 11.
961 2041 1088 2080 Larvas
1113 2046 1275 2079 satanicas

1012 2096 1163 2136 potenter
1189 2095 1304 2137 abjice,

966 2142 1087 2177 Gentes
1118 2144 1275 2178 ecclesiae

1011 2201 1155 2235 paganas
1180 2193 1304 2235 subjice

961 2240 1007 2275 Et
1031 2242 1063 2274 in
1091 2243 1295 2276 concordiam

1011 2291 1110 2326 ducas
1137 2291 1269 2326 mitifice

966 2339 1124 2374 Rixantes
1149 2342 1314 2384 principes

1012 2389 1119 2432 plebis
1142 2391 1330 2428 catholicae.
