1656 2674
135 325 193 359 21.

131 749 188 783 22.

129 1178 185 1211 23.

127 1605 187 1638 24.

125 2035 182 2068 25.

222 326 284 366 Qui
304 327 387 359 mire
411 327 587 368 tripliciter

266 372 329 406 fuit
354 375 524 416 exaltatus,

215 423 257 455 In
281 423 378 455 terris
402 422 569 456 humiliter

265 470 389 503 meritis
417 475 558 512 ornatus,

217 517 325 559 Supra
348 521 439 551 terra
461 519 572 552 viliter

268 574 362 599 cruce
386 567 540 607 elevatuS,

216 614 321 656 Super
347 615 453 647 coelos
478 616 574 648 aliter

262 663 398 696 multum
424 663 626 697 sublimatus.

215 750 277 790 Qui
300 749 461 783 scandens
486 751 641 785 coelestia

261 799 348 839 patri
376 807 582 843 conregnare,

214 846 397 887 spopondit
423 847 543 880 cubilia

264 895 330 927 suis
356 904 563 936 praeparare,

218 943 285 983 Quo
309 943 415 984 ipsum
441 954 501 985 per
523 947 654 980 saecula

260 992 388 1033 possint
413 994 599 1028 collaudare

214 1039 335 1081 Quibus
360 1049 413 1073 me
438 1050 477 1074 ex
502 1045 608 1084 gratia

261 1088 342 1122 velit
365 1089 501 1126 sociare.

213 1176 284 1218 Qui,
310 1176 388 1209 licet
413 1178 532 1211 abierit

259 1233 320 1266 per
345 1226 587 1270 humanitatem,

214 1273 349 1314 Semper
375 1277 483 1308 tamen
509 1277 617 1310 aderit

260 1331 319 1363 per
346 1323 561 1366 divinitatem,

212 1370 297 1404 Nam
322 1371 356 1403 in
382 1372 453 1413 ipso
479 1376 637 1408 manserit

261 1419 316 1461 qui
341 1429 402 1461 per
427 1423 605 1460 caritatem,

211 1467 386 1508 Nunquam
411 1469 461 1502 illi
488 1472 593 1504 deerit

258 1525 319 1558 per
344 1517 588 1559 benignitatem.

211 1604 272 1645 Qui
297 1605 445 1639 ascendit
471 1607 606 1641 coelitus

261 1663 333 1686 cum
357 1655 524 1696 societate,

209 1701 358 1735 Solverat
383 1713 477 1745 quam
501 1706 631 1746 penitus

259 1761 279 1783 a
305 1752 506 1795 captivitate,

209 1798 305 1833 Dona
332 1801 389 1833 dat
412 1801 596 1835 hominibus

257 1850 357 1889 plena
381 1850 537 1892 bonitate,

211 1897 300 1937 Quae
322 1899 474 1938 promisit
498 1900 651 1941 primitus

258 1955 315 1978 sua
340 1949 486 1984 veritate.

209 2034 279 2077 Qui,
307 2034 393 2066 sicut
416 2035 573 2074 apostolis

259 2082 472 2123 promittebat
499 2083 604 2124 digne,

206 2131 351 2163 Pneuma
374 2132 409 2163 in
434 2131 620 2164 scintillulis

255 2179 346 2211 misit
370 2179 423 2212 vel
447 2180 483 2212 in
507 2181 591 2221 igne,

208 2226 283 2259 Tibi
308 2236 347 2259 ac
375 2228 543 2268 discipulis

259 2276 377 2308 donum
405 2275 484 2308 dans
510 2277 645 2318 insigne,

213 2323 305 2363 Quod
334 2328 367 2356 et
390 2324 484 2357 nobis
510 2324 639 2357 famulis

257 2371 322 2404 tuis
350 2372 406 2404 det
429 2372 577 2414 benigne.

670 74 838 109 —200
890 94 934 99 —

771 229 832 262 111.

833 326 888 359 26.

829 752 849 783 Ν)

855 751 872 783 -1

830 1607 885 1641 29.

824 2036 881 2068 30.

915 325 1017 366 Quem
1043 325 1077 357 in
1102 323 1207 364 patris
1236 322 1341 365 gloria

967 381 1039 405 esse
1062 371 1262 416 confitemur,

916 421 976 462 Qui
998 422 1067 462 J'am
1092 421 1127 453 in
1154 420 1293 453 ecclesia

961 479 1021 502 sua
1051 470 1263 510 continemur,

912 519 967 552 Ex
990 519 1094 560 ipsius
1121 518 1229 560 gratia

963 568 1060 601 modo
1085 568 1298 607 consolemur,

917 616 1018 649 Gravi
1042 617 1076 649 in
1101 617 1252 659 angustia

964 666 1018 705 qui
1044 674 1130 698 nunc
1150 665 1342 699 detinemur.

878 776 886 783 .
911 751 973 791 Qui
997 755 1171 791 postquam
1196 751 1240 783 ad
1264 751 1377 784 sidera

960 803 1037 840 post
1058 803 1196 832 mortem
1221 800 1381 841 ascendit,

912 848 1006 881 Patri
1031 857 1091 881 sua
1114 848 1252 880 vulnera

961 900 1098 937 propter
1123 906 1181 929 nos
1208 897 1361 938 ostendit,

910 944 956 977 Et
980 944 1108 984 potenti
1135 945 1271 978 dextera

963 992 1004 1026 ab
1028 994 1123 1027 hoste
1149 992 1307 1036 defendit,

914 1042 999 1083 Quos
1026 1043 1069 1075 ad
1094 1041 1182 1075 bona
1207 1052 1309 1083 opera

962 1091 1095 1124 sedulos
1119 1092 1307 1133 perpendit.

884 1204 891 1211 .
919 1178 980 1218 Qui
999 1179 1116 1211 clamat.
1142 1179 1183 1212 de
1208 1179 1335 1221 superis

962 1228 1111 1260 cantione
1133 1228 1199 1271 pia,

914 1275 997 1308 Veni
1022 1276 1239 1318 coronaberis,

961 1328 1068 1357 mater
1091 1325 1137 1357 mi
1161 1326 1282 1367 Maria,

914 1373 1074 1415 Suprema
1097 1374 1258 1406 locaberis

963 1423 1045 1455 coeli
1070 1423 1264 1464 hierarchia,

914 1472 1004 1512 Quae
1028 1472 1109 1504 mihi
1135 1472 1323 1513 obsequeris

961 1529 1043 1561 prae
1068 1521 1193 1554 cunctis
1217 1521 1252 1553 in
1277 1521 1342 1556 via.

914 1608 974 1649 Qui
1001 1610 1079 1640 tunc
1103 1608 1322 1649 personaliter

961 1656 1023 1689 tibi
1046 1658 1240 1690 occurrebat,

913 1705 959 1739 Et
984 1705 1217 1739 venerabiliter

959 1758 993 1786 te
1016 1754 1225 1796 suscipiebat,

910 1802 1009 1836 Velut
1033 1806 1139 1836 mater
1165 1803 1305 1837 dulciter

956 1851 1018 1884 tibi
1043 1852 1266 1894 applaudebat

909 1899 1090 1943 Secumque
1113 1901 1265 1934 hilan'ter

956 1948 999 1981 ad
1024 1958 1148 1982 summa
1173 1950 1322 1984 vehebat.

910 2036 971 2076 Qui
996 2038 1029 2068 te
1056 2046 1128 2069 cum
1153 2037 1357 2077 amplexibus

956 2084 1020 2117 sibi
1050 2086 1288 2128 adstringebat,

907 2131 1000 2165 Sicut
1022 2134 1122 2166 matri
1143 2133 1233 2167 filius

955 2180 1067 2214 facere
1092 2181 1241 2220 debebat,

906 2229 1017 2271 Virgo,
1043 2232 1197 2270 quantum
1223 2230 1349 2262 animus

954 2280 1029 2309 tuus
1055 2282 1133 2309 tunc
1157 2277 1331 2322 gaudebat,

907 2324 1023 2364 Credo,
1052 2325 1138 2365 quod
1162 2324 1340 2366 perfectius

954 2381 1064 2405 amore
1090 2371 1249 2407 fervebat.
