1656 2674
204 451 284 486 166.

204 936 272 970 167

204 1335 271 1369 168

202 1734 270 1768 169

202 2131 271 2165 170

756 56 996 92 -86-

314 153 405 193 Quod
431 163 572 194 unquam
596 154 748 187 laudibus

362 212 382 235 a
406 202 470 233 tuis
496 202 581 245 silui,

316 250 395 284 Cum
420 253 456 281 tu
481 250 631 283 hilariter

361 306 433 331 meo
458 300 608 338 precatui

311 347 418 380 Aures
444 347 646 388 praebueris,

359 394 461 435 pedes
487 396 661 437 amplexui.

314 452 339 486 O
366 461 456 485 amor
476 452 622 495 virginis,

362 509 453 533 amor
477 500 661 544 impatiens,

314 549 339 582 Ο
366 557 457 582 amor
483 550 641 589 crucians,

361 606 452 630 amor
477 596 638 635 reficiens,

313 646 392 679 Tuis
420 654 490 677 cum
512 645 630 686 J'aculis

360 697 484 727 mentes
512 693 712 735 confodiens,

313 743 377 776 Cor
401 751 508 774 meum
534 742 633 776 refice

361 800 421 833 pro
448 794 481 823 te
508 791 672 824 deficiens.

331 876 554 913 Capitulum
574 886 717 906 nonum.

311 937 405 970 Haec
428 937 634 977 plorabiliter

360 994 432 1018 cum
457 986 505 1018 510
531 987 766 1027 depromerem,

308 1034 455 1068 Advenit
478 1036 611 1076 angelus

358 1084 467 1124 jussus
492 1092 553 1124 per
576 1084 747 1127 virginem,

311 1132 342 1164 A
368 1141 430 1173 quo
455 1133 613 1165 solamina

360 1180 464 1213 tristis
490 1182 682 1222 acciperem,

310 1228 361 1261 Ne
385 1228 420 1260 in
445 1229 605 1262 insaniam

361 1278 478 1310 mentis
503 1279 693 1312 inciderem.

314 1335 372 1368 Cui
399 1344 470 1367 cum
495 1344 698 1378 assurgerem

361 1393 429 1416 cum
457 1384 651 1427 reverentia,

312 1432 494 1474 Detergens
519 1434 642 1466 lumina

356 1480 435 1513 fletu
459 1482 635 1523 madentia,

308 1530 385 1563 Ait:
412 1530 438 1563 O
463 1530 649 1571 presbyter,

361 1579 490 1619 depelle
514 1580 633 1622 tristia,

310 1627 395 1660 Nam
420 1637 629 1667 possessurus
657 1637 690 1661 es

361 1677 425 1709 cito
449 1677 610 1711 coelestia.

309 1734 381 1777 Ego
407 1744 477 1767 sum
503 1736 634 1768 nuntius

362 1784 524 1817 coelorum
551 1784 709 1829 dominae,

311 1833 372 1866 Cui
396 1832 459 1865 1100
483 1833 670 1874 obsequeris

360 1881 454 1922 opico
482 1882 633 1922 carmine,

311 1929 399 1969 Quae
422 1932 477 1962 tuo
502 1933 591 1963 mota
617 1932 667 1962 est,

358 1979 450 2019 gravi
473 1979 664 2020 ploramine,

309 2027 367 2059 Me
392 2027 435 2060 ad
460 2030 493 2059 te
520 2028 632 2069 dirigit

361 2076 402 2109 de
429 2077 510 2109 coeli
537 2076 685 2111 culmine.

307 2133 398 2166 Tuae
422 2144 508 2167 nunc
532 2135 632 2176 igitur

360 2183 495 2223 dispone
522 2183 640 2224 domui,

310 2231 361 2262 Ac
385 2233 571 2264 necessaria

361 2280 401 2312 de
426 2281 546 2314 mundo
571 2280 643 2320 itui,

310 2327 481 2361 Munderis
506 2330 646 2370 unguine

360 2377 481 2409 sacrati
506 2378 580 2419 olei,

906 260 985 294 171.

906 658 987 692 172.

906 1055 986 1090 173.

904 1535 987 1569 174.

906 1934 986 1968 175.

904 2332 985 2368 176.

1014 154 1151 188 Sumens
1176 151 1332 183 viaticum

1065 200 1130 232 cibi
1154 198 1317 240 perpetui.

1012 260 1077 293 Die
1102 258 1266 290 tricesimo

1060 306 1174 347 regina
1201 306 1311 338 veniet

1012 356 1059 389 Et
1082 358 1173 387 tuum
1198 353 1374 387 transitum

1063 413 1084 436 a
1108 412 1208 436 carne
1231 402 1366 442 muniet,

1015 454 1195 486 Assumens
1221 452 1362 484 animam

1064 502 1107 534 ad
1133 510 1258 533 summa
1282 498 1452 540 provehet,

1013 550 1081 584 Ubi
1108 558 1180 581 cum
1206 548 1331 590 angelis

1062 607 1193 639 semper
1217 596 1387 638 tripudiet.

1014 656 1296 690 Antecedentibus

1063 714 1162 746 saepe
1190 715 1210 738 a
1234 704 1374 738 saeculis

1016 754 1090 788 Suis
1116 754 1237 788 similia

1064 803 1209 835 ostendit
1234 801 1376 844 famulis,

1012 852 1099 892 Quos
1125 853 1160 883 et„
1183 861 1204 883 a
1229 850 1384 892 gravibus

1067 900 1166 932 solvit
1190 900 1357 941 periculis,

1016 948 1209 990 Adscripsit
1233 951 1369 989 insuper

1064 1001 1252 1030 sanctorum
1276 997 1394 1032 titulis.

1014 1057 1066 1090 Tu
1092 1065 1228 1100 quoque,
1255 1056 1440 1102 presbyter,

1065 1104 1091 1136 si
1118 1114 1184 1137 non
1212 1105 1407 1147 dissimulas,

1016 1154 1114 1187 Potes
1138 1155 1345 1195 perpendere

1063 1202 1167 1243 ipsius
1193 1203 1326 1247 gratias,

1015 1251 1086 1286 Scis
1111 1261 1252 1293 namque
1277 1253 1403 1294 quoties

1062 1303 1174 1332 mente
1198 1301 1379 1345 excideras,

1014 1349 1062 1383 Et
1086 1351 1120 1381 te
1141 1350 1290 1390 justitiae

1067 1398 1161 1430 duxit
1185 1400 1229 1432 ad
1254 1400 1398 1433 semitas,

1010 1476 1234 1512 Capitulum
1254 1478 1443 1506 decimum.

1015 1535 1042 1569 O
1067 1535 1177 1569 lumen
1198 1537 1365 1578 coelicum,

1065 1585 1152 1624 quod
1180 1585 1273 1627 dicis,
1301 1584 1418 1627 fateor,

1014 1632 1099 1666 Nam
1124 1634 1206 1666 meis
1231 1634 1358 1668 meritis

1063 1690 1136 1714 cum
1160 1683 1256 1716 malis
1282 1684 1444 1726 implicor,

1012 1730 1135 1763 Mentis
1161 1731 1284 1765 fiducia

1062 1779 1170 1820 ipsum
1196 1781 1370 1823 aggredior

1012 1828 1059 1861 Et
1081 1829 1286 1863 velocissime

1062 1878 1201 1911 salutem
1228 1888 1418 1921 consequor.

1013 1935 1078 1968 Tot
1102 1934 1183 1969 fecit
1206 1938 1348 1971 liberum

1061 1993 1116 2017 me
1140 1995 1161 2018 a
1183 1987 1352 2029 periculis,

1014 2033 1103 2073 Quae
1130 2038 1259 2069 centum
1285 2037 1464 2070 scriberem

1060 2084 1118 2116 vix
1143 2084 1177 2116 in
1210 2086 1372 2128 capituliS,

1013 2130 1079 2164 Sed
1104 2141 1212 2172 pauca
1236 2135 1335 2168 retuli

1060 2179 1095 2211 in
1119 2182 1319 2220 psalteriolis

1012 2227 1173 2268 Ejusdem
1200 2230 1362 2274 dominae,

1062 2285 1146 2316 quae
1171 2280 1290 2320 scripsi
1314 2281 1432 2320 titulis.

1013 2333 1088 2367 Non
1112 2336 1210 2369 modo
1236 2338 1358 2374 liberat

1059 2392 1112 2415 me
1136 2386 1232 2419 malis
1257 2388 1423 2433 miserum,
