1656 2674
151 204 194 239 76

150 905 206 938 78.

152 1250 208 1282 79.

149 1595 205 1627 80.

148 1942 204 1975 81,

146 2293 202 2327 82.

699 106 939 142 ..69-

234 200 318 238 Nisu
342 206 412 238 toto
438 205 653 239 adhaerentes

282 253 370 293 Tibi,
396 258 502 288 mater
527 256 661 298 gratiae,

231 301 314 335 Dita
336 303 434 335 modo
458 304 663 344 poenitentes

283 350 377 384 Dono
403 351 637 394 indulgentiae,

233 398 340 432 Simus
367 409 497 441 semper
521 404 558 432 ut
582 401 760 442 gaudentes

281 447 388 481 Domo
415 449 633 482 conscientiae

335 496 412 530 Sine
437 498 633 538 arrogantia.

202 578 207 584 .
235 551 311 588 Tali
337 555 422 588 dono
447 556 494 588 sic
517 556 636 596 repleti

283 604 388 636 Tuum
413 613 473 644 per
498 603 680 637 subsidium

236 650 465 685 Collaudemus
491 661 620 693 semper
645 652 744 693 quieti

284 702 333 734 Te
358 709 397 732 ac
423 705 513 733 tuum
538 700 651 741 filium,

235 748 419 790 Mundique
443 749 628 790 linquamus
653 749 734 782 laeti

285 798 442 830 Miserum
470 798 617 831 exsilium

333 845 377 879 Et
401 856 465 879 non
493 855 564 878 cum
590 847 763 883 moestitia.

234 900 451 937 Rosulentum
475 907 567 937 tuum
591 906 716 938 vultum

283 953 355 985 Nec
378 962 443 985 non
468 954 689 986 venerabilem

235 1001 328 1033 Tune
353 1002 498 1045 ostende,
526 1001 620 1034 nobis
645 1002 781 1034 multum

285 1049 481 1090 Cunctisque
505 1050 690 1093 amabilem,

239 1097 286 1130 Et
310 1098 434 1138 repelle
459 1099 584 1131 hostem
610 1099 745 1130 stultum

285 1146 454 1187 Nimisque
479 1146 658 1179 terribilem

334 1193 414 1227 Cum
439 1204 498 1227 sua
523 1195 672 1234 pellacia.

236 1245 270 1282 Is
297 1256 371 1280 nam
396 1251 508 1281 nostra
532 1248 626 1280 nobis
653 1251 769 1281 cuncta

283 1296 375 1329 Mala
399 1297 448 1328 sic
473 1296 614 1337 objiciet,

231 1345 324 1386 Quod
348 1344 504 1378 momenti
529 1348 627 1386 atque
651 1347 772 1384 puncta

282 1393 422 1426 Minima
445 1394 624 1434 praeteriet

234 1442 298 1475 Sed
325 1445 359 1474 te
383 1446 489 1475 matre
513 1442 607 1474 nobis
630 1443 745 1483 juncta

282 1491 321 1523 In
348 1491 473 1523 cunctis
501 1489 632 1523 deficiet

332 1539 414 1580 Ejtis
439 1539 631 1580 pertinacia.

234 1590 290 1627 Sic
314 1593 434 1634 signati
460 1596 574 1627 sancta
599 1601 694 1626 cruce

280 1641 423 1682 Tuisque
448 1642 622 1682 praesidiis

234 1690 277 1723 Et
304 1690 415 1732 fugato
438 1691 532 1723 hoste
554 1693 647 1723 truce

282 1739 356 1773 Suis
382 1747 453 1771 cum
476 1739 616 1782 insidiis,

236 1788 476 1829 Conjungamur
499 1791 578 1820 tunc
602 1791 636 1820 te
662 1787 744 1821 duce

284 1837 477 1870 Sanctorum
502 1837 673 1869 consortiis

330 1887 369 1920 In
395 1895 537 1926 superna
562 1886 662 1928 regia.

233 1937 320 1974 Tuta
345 1939 419 1972 loca
443 1940 491 1972 sic
515 1942 662 1972 tenentes

281 1988 460 2022 Laetanter
484 1989 518 2022 in
545 1989 684 2032 coelicis,

234 2038 438 2071 Extollemus
463 2040 593 2071 nostras
618 2039 742 2070 mentes

279 2087 477 2128 Hymnodiis
500 2087 637 2130 melicis,

231 2137 339 2170 Deum
364 2138 398 2168 te
424 2145 551 2178 quoque
577 2136 720 2169 colentes

282 2185 397 2219 Choris
424 2194 496 2218 cum
518 2185 674 2227 angelicis

329 2235 462 2268 Summa
488 2234 730 2267 concordantia.

229 2286 340 2326 I‘num
364 2289 472 2322 Deum
497 2287 712 2330 substantive,

278 2339 414 2372 Trinum
439 2338 669 2380 personaliter,

229 2389 431 2429 Regnantem
457 2386 657 2421 indefective

278 2437 341 2470 Vel
365 2437 592 2479 potentialiter

853 367 909 401 83.

854 720 911 754 84.

853 1073 909 1107 85.

852 1426 908 1460 86.

852 2139 908 2172 88.

938 206 1112 240 Cernemus
1139 208 1331 240 admiranve

985 255 1055 288 Nec
1079 265 1144 289 non
1169 255 1332 289 facialiter

1032 305 1078 337 Et
1102 304 1225 346 absque
1250 305 1373 338 acedia.

936 364 977 402 In
1002 367 1064 400 hac
1090 367 1210 408 quippe
1235 367 1359 400 visione

985 415 1087 449 Juxta
1111 416 1244 448 verbum
1270 415 1401 449 Domini

938 463 1015 496 Sive
1038 465 1072 497 in
1100 465 1281 505 cognitione

986 511 1080 545 Salus
1108 513 1204 545 datur
1229 513 1361 550 homini,

937 560 1024 594 Huic
1051 570 1090 594 ex
1117 561 1290 594 dilectione

987 610 1191 643 Adhaerenti
1214 610 1338 642 numini

1035 658 1108 691 Non
1136 667 1176 690 ex
1200 658 1364 690 violentia.

938 717 1024 761 Illic,
1051 724 1156 754 mater
1179 730 1198 753 o
1223 720 1364 761 benigna

985 770 1094 810 Atque
1118 768 1358 809 praeamabiIiS.

939 816 1039 856 Quam
1065 818 1199 858 antiqua
1224 818 1339 850 docent
1365 817 1457 858 signa

984 866 1186 899 Honoranda
1209 865 1323 898 titulis.

938 914 1024 948 Sede
1049 923 1178 954 semper
1202 913 1307 954 fulges
1336 913 1433 954 digna

985 962 1069 995 Prae
1093 963 1215 995 sanctis
1241 965 1274 995 et
1298 962 1421 1002 angelis

1033 1011 1122 1043 Mira
1147 1010 1350 1043 excellentia.

937 1069 1005 1107 Hos
1029 1072 1176 1114 profecto
1202 1077 1238 1106 tu
1264 1072 1436 1112 praecellis

986 1121 1064 1153 Tuis
1090 1121 1280 1163 privilegiis,

936 1170 1028 1203 Sicut
1051 1171 1207 1202 mundum
1224 1169 1272 1202 sol
1290 1178 1371 1209 prae
1388 1168 1491 1201 stellis

983 1217 1057 1250 Suis
1080 1219 1202 1251 lustrat
1224 1217 1337 1257 radiis,

934 1266 1027 1305 Quod
1055 1267 1204 1300 doctores
1229 1267 1263 1299 in
1289 1265 1443 1297 cancellis

982 1314 1094 1347 Modis
1119 1315 1262 1355 probant
1285 1314 1385 1346 variis

1033 1363 1122 1405 Lege
1145 1362 1222 1396 falsi
1245 1362 1366 1396 nescia.

935 1422 1036 1467 Ergo,
1064 1427 1204 1459 clemens
1231 1435 1248 1459 o
1271 1425 1394 1467 regina,

986 1474 1117 1508 Cunctis
1143 1474 1351 1514 venerabilis,

934 1525 974 1557 In
1002 1524 1164 1556 coelorum
1190 1522 1321 1557 officina

983 1571 1038 1604 Sic
1064 1575 1195 1604 exstans
1219 1571 1377 1604 laudabili
1398 1598 1405 1611 Α

935 1619 1039 1653 Nobis
1067 1624 1134 1653 esto
1159 1620 1322 1654 medicina

983 1670 1024 1702 In
1048 1669 1163 1702 mundi
1187 1669 1344 1710 periculis

1032 1719 1170 1751 Precum
1194 1727 1255 1759 per
1280 1716 1442 1759 suffragia.

901 1808 907 1814 .
934 1778 1028 1816 Sicut
1053 1782 1138 1814 enim
1160 1785 1227 1821 jam
1255 1784 1444 1813 cunctorum

984 1830 1130 1862 Patescit
1155 1829 1291 1868 obtutui,

935 1879 1037 1912 Totus
1062 1879 1201 1912 mundus
1227 1878 1379 1911 vitiorum

984 1927 1139 1969 Subjacet
1164 1926 1337 1965 conflictui,

924 1978 1026 2019 Opem
1051 1976 1103 2010 fer
1126 1976 1366 2017 praesidiorum

988 2025 1110 2059 Christi
1135 2025 1303 2061 exercitui,

1033 2076 1073 2108 In
1099 2083 1161 2117 quo
1187 2077 1253 2107 stat
1278 2075 1425 2108 ecclesia.

936 2136 982 2174 I't
1008 2140 1161 2180 gravatus
1183 2139 1252 2179 jam
1279 2138 1392 2179 gentili

995 2187 1096 2220 Manu
1121 2186 1202 2220 foris
1230 2187 1360 2229 acriter,

934 2238 1026 2271 Intus
1052 2246 1129 2270 vero
1158 2239 1188 2269 et
1216 2236 1304 2269 civili

984 2286 1071 2319 Rixa
1092 2286 1328 2329 multipliciter,

934 2337 1018 2369 Arte
1046 2335 1198 2369 devincat
1222 2334 1335 2368 subtili

983 2384 1076 2418 Mala
1102 2387 1133 2418 et
1160 2385 1302 2417 viriliter

1036 2434 1097 2468 Vel
1127 2443 1200 2467 cum
1225 2434 1394 2476 patientia.
