1656 2674
697 41 937 77 —44-

574 137 618 171 12.
659 136 707 169 Ad
730 135 881 178 angelum
904 133 1074 167 custodem.

157 214 186 247 1.
215 213 320 254 Salve,
346 212 439 245 miles
464 210 527 245 Dei
554 209 729 243 fortissime

211 263 319 302 Atque
346 263 452 294 custos
477 259 521 290 mi
546 258 746 297 fidelissime,

211 311 301 343 Tuae
325 308 416 342 laudi
439 308 614 340 instantem
638 305 752 338 intime

211 358 385 392 Consolare
406 365 493 389 nunc
517 354 757 396 benignissime.

177 462 184 471 .
212 435 325 476 Salve,
354 441 484 467 consors
510 434 695 465 sanctorum
722 441 789 464 om-

555 490 653 518 nium,

211 531 429 573 Supernorum
455 533 568 562 tenens
595 527 770 570 fastigium,

210 579 303 620 Mihi,
324 587 452 620 quaeso,
471 578 594 619 praebe
609 576 789 610 subsidium

211 628 332 662 Contra
348 628 472 660 hostem
491 626 627 659 bellanti
642 626 788 667 impium,

175 731 181 738 .
209 705 315 745 Salve,
342 705 526 738 consolatur
550 703 595 736 mi
617 702 740 744 inclite,

207 753 304 786 Dulci
329 752 436 786 cordis
461 760 555 794 quem
578 752 676 785 laudo
709 760 787 784 neu-

551 803 648 841 mate,

210 849 450 889 Scripturarum
467 858 519 882 me
536 850 607 890 riga
626 849 785 891 dogmate,

208 897 490 938 Supernorumque
513 901 608 930 necte
633 897 776 931 semitae.

174 996 180 1002 .
208 968 314 1009 Salve,
343 970 518 1011 splendens
544 971 600 1002 lux
624 978 683 1010 per
710 970 787 1002 cali-

551 1019 669 1059 ginem,

209 1066 271 1098 Dei
298 1074 432 1098 cernens
457 1067 582 1099 vultum
605 1066 786 1108 amabilem,

209 1114 343 1147 Servum
365 1118 453 1146 tuum
473 1113 621 1147 conforta
637 1113 786 1156 fragilem

208 1162 378 1195 Inimicum
402 1163 435 1194 in
461 1162 668 1197 invisibilem.

175 1263 180 1269 .
207 1236 314 1274 Salve,
341 1235 521 1268 divinitatis
546 1235 679 1267 assecla.

206 1284 301 1316 Felix
327 1283 469 1325 gaudens
492 1293 578 1315 nunc
604 1286 636 1315 et
660 1284 693 1316 in
716 1292 786 1315 sae-

552 1331 634 1370 cula,

206 1379 417 1412 Peccator-um
425 1389 478 1412 me
486 1382 639 1421 premunt
647 1380 785 1420 vincula,

206 1429 309 1461 Prece
333 1432 389 1460 tua
413 1437 493 1468 quae
510 1426 624 1470 frange
640 1428 785 1462 saedula.

173 1526 179 1533 .
207 1500 313 1541 Salve,
336 1500 428 1533 i‘ultu
445 1500 583 1533 rutilans
600 1501 785 1542 splendido,

205 1549 303 1581 Prato
331 1549 413 1582 coeli
435 1547 618 1589 ¹jucundans
643 1549 765 1590 ibride,

206 1597 275 1630 Tuo
301 1605 429 1638 semper
454 1597 587 1630 brachio
611 1598 721 1631 valido

203 1646 260 1678 Me
286 1644 426 1678 defende
451 1646 491 1678 ab
518 1646 611 1678 hoste
635 1646 762 1681 rabido,

169 1744 175 1751 .
204 1717 310 1759 Salve,
339 1717 394 1759 qui
417 1718 542 1751 sincero
568 1718 712 1759 tripudio

202 1766 334 1799 Laudas
358 1767 463 1799 Deum
491 1767 573 1799 coeli
595 1767 730 1808 palatio.

202 1816 279 1848 Alto
307 1815 414 1849 cordis
439 1819 515 1856 peto
541 1815 692 1857 suspirio,

201 1864 271 1897 Tuo
297 1864 378 1896 mihi
401 1864 490 1897 adsis
517 1864 680 1905 suffragio.

880 209 911 242 8.

876 461 906 493 9.

848 711 905 745 io.

848 916 905 949 11.

847 1214 903 1249 12.

848 1467 903 1501 13.

845 1671 902 1705 14.

939 206 1047 247 Salve,
1075 214 1177 239 verna
1200 205 1338 238 rectoris
1356 204 1496 238 omnium

938 256 1049 296 Atque
1073 254 1181 287 cordis
1209 254 1273 286 mei
1299 253 1460 297 solatium,

936 304 1028 337 Pium
1054 302 1116 336 tibi
1141 303 1186 335 sit
1212 302 1253 335 de
1277 310 1330 335 me
1355 302 1497 336 studium

935 353 991 385 Ad
1023 351 1212 393 pellendum
1247 360 1342 384 omne
1368 354 1495 385 contra-

1260 400 1354 433 rium.

935 458 1042 501 Salve,
1070 461 1177 491 custos
1202 458 1267 491 mei
1292 459 1449 499 angelice,

938 508 997 540 Me
1021 508 1204 549 gubernans
1224 515 1355 548 semper
1371 508 1494 548 magni-

1256 555 1328 598 fiee,

934 605 965 637 A
989 613 1043 637 me
1068 607 1185 638 cuncta
1208 604 1292 638 vitia
1316 604 1424 645 abjice

932 653 978 685 Et
998 662 1108 686 amore
1132 652 1195 685 Dei
1219 662 1272 685 ine
1297 652 1406 688 refice.

931 710 1038 751 Salve,
1051 711 1195 752 gaudens
1203 721 1274 744 cum
1280 720 1357 753 rege
1362 719 1491 752 supero,

933 760 1034 793 Servo
1061 763 1116 792 tuo
1141 769 1294 792 succurre
1319 760 1448 793 misero.

930 807 982 840 Ne
995 807 1155 841 offendam
1169 817 1309 849 unquam
1319 809 1361 842 de
1370 812 1490 848 cetero,

932 856 1046 889 Donec
1058 865 1193 898 regnum
1207 857 1288 889 coeli
1302 857 1490 898 possedero.

933 914 1050 955 Salve,
1093 914 1250 956 splendor
1292 914 1420 955 fulgens
1456 915 1492 946 in

1255 963 1393 1004 superis,

931 1011 1036 1044 Deum
1078 1012 1216 1045 laudans
1260 1020 1331 1044 cum
1369 1011 1490 1044 sanctis

1255 1060 1383 1101 ceteris,

931 1107 1138 1149 Sepulturam
1162 1111 1240 1149 post
1262 1110 1327 1141 mei
1352 1107 1476 1141 funeris

931 1156 1013 1189 Esto
1039 1157 1118 1189 mihi
1146 1157 1262 1189 ductor
1286 1157 1426 1192 itineris,

930 1213 1037 1255 Salve,
1064 1215 1268 1248 amoenitatis
1295 1214 1437 1248 coelicae

931 1262 1020 1304 Flos,
1047 1266 1080 1294 te
1106 1272 1236 1305 quaeso,
1262 1265 1341 1296 tunc
1358 1272 1409 1296 me
1425 1272 1492 1296 non

1254 1311 1396 1352 despice,

927 1359 1488 1403 Sedcommendamecoramjudice‚

931 1407 987 1441 Uti
1011 1416 1137 1440 mecum
1160 1412 1236 1449 agat
1261 1407 1405 1443 mitifice.

932 1465 1039 1506 Salve,
1067 1466 1145 1499 Sion
1172 1475 1333 1508 supernae
1356 1467 1472 1504 lilium,

932 1515 1021 1548 Coeli
1040 1524 1158 1547 ornans
1175 1515 1340 1548 hortulum
1353 1516 1488 1558 regium,

929 1563 1035 1595 Tuum
1059 1564 1140 1596 mibi
1164 1563 1288 1604 praebe
1313 1564 1470 1597 auxilium

932 1611 1144 1645 Saeculorum
1169 1613 1204 1644 in
1228 1610 1294 1645 fine
1319 1613 1471 1645 omnium.

930 1669 1037 1710 Salve,
1065 1671 1156 1703 Sidus
1184 1670 1324 1703 coeleste
1345 1671 1491 1714 rutilum,

930 1718 1046 1751 Cordis
1072 1718 1136 1751 inei
1164 1719 1294 1760 depelle
1317 1719 1476 1757 nubilum,

929 1767 1032 1800 Omne
1052 1768 1173 1800 tollens
1190 1778 1211 1801 a
1225 1777 1279 1800 me
1294 1768 1489 1810 periculum,

928 1815 975 1849 Ut
998 1819 1033 1848 te
1057 1816 1189 1850 laudem
1212 1826 1299 1850 nunc
1317 1819 1350 1850 et
1367 1817 1402 1850 in
1420 1826 1491 1851 sae-

1253 1867 1373 1901 culum.

220 1931 302 1960 Orat.
322 1940 377 1960 ms.
397 1931 623 1960 Lunaclaeense
643 1933 715 1960 anni
737 1930 811 1961 1460
834 1932 904 1960 Cod.
926 1931 1021 1960 Palat.
1043 1932 1173 1961 Vindob.
1194 1930 1272 1962 4089
1291 1934 1327 1962 A.
1348 1950 1387 1954 —
1408 1934 1490 1963 Orat.

142 1979 194 1998 m.»
216 1971 416 2007 Tegrinseme
443 1979 519 1998 saon.
542 1969 587 1999 15.
610 1969 683 1999 clm.
709 1971 827 2000 Monac.
856 1969 958 2000 19824
983 1972 1034 2000 fol.
1063 1969 1121 2000 320
1151 1972 1180 2000 b.
1207 1973 1240 2001 Β.
1267 1988 1300 1992 -
1329 1972 1412 2003 Orat.
1436 1982 1491 2001 ms.

142 2009 340 2044 Tem-insense
354 2017 430 2038 sanc.
447 2008 491 2038 15.
509 2008 581 2038 Chn.
598 2009 716 2039 Monac.
734 2008 771 2038 20
782 2008 838 2039 001
853 2010 904 2039 fol.
916 2009 971 2039 145
986 2019 1012 2039 a.
1026 2009 1056 2038 O.
1072 2026 1111 2031 —
1126 2011 1209 2040 Orat.
1223 2020 1277 2040 ms.
1291 2013 1491 2050 Tegrinsense

143 2049 214 2076 anni
236 2046 318 2076 1470.
342 2049 415 2077 Clm.
436 2049 553 2077 Monac.
575 2046 673 2078 20021
696 2049 747 2078 fol.
768 2047 825 2078 310
845 2050 873 2077 b.
895 2051 933 2079 D.

634 2144 675 2176 13.
697 2145 743 2176 Ad
764 2144 825 2176 BV.
848 2144 992 2177 Mariam.

146 2215 176 2249 1.
206 2215 279 2247 Ave
303 2215 404 2257 virgo,
433 2215 514 2248 coeli
540 2215 704 2257 nobilitas,

203 2263 384 2305 Singularis
415 2265 504 2305 cujus
530 2267 581 2296 est
606 2264 757 2306 dignitas,

201 2312 321 2345 Matris
348 2322 445 2346 verae
469 2321 549 2346 vera
574 2313 753 2354 virginitas.

204 2360 250 2394 Et
274 2361 408 2402 virginis
436 2370 513 2395 vera
538 2360 733 2396 fecunditas

905 2216 983 2250 Sine
1007 2215 1078 2250 viro
1104 2217 1167 2249 viri
1192 2218 1360 2259 nativitas,

903 2267 1080 2298 Incarnata
1105 2274 1184 2298 vera
1208 2267 1375 2309 divinitas

902 2313 1030 2346 Deitati
1054 2314 1179 2347 nubens
1205 2315 1401 2359 humanitas,

903 2361 956 2395 Ab
983 2364 1116 2396 aeterno
1141 2365 1276 2403 provisa
1299 2366 1432 2403 veritas,
