1656 2674
703 66 944 101 —20—

160 168 218 202 10.
246 165 352 203 Unum
377 176 496 201 numen
522 166 682 198 credimus

161 582 219 615 11.

163 996 219 1031 12.

165 1410 220 1445 13.

167 1822 224 1857 14.

171 2233 227 2267 15.

292 216 340 249 Te
364 216 459 249 trinis
484 214 642 256 personis,

247 265 347 305 Quem
373 266 404 296 et
428 272 508 297 voce
532 262 665 295 colimus

293 311 538 351 Exsultationis,

244 361 292 395 Te
318 361 435 394 devote
459 360 599 401 petimus

291 409 352 442 His
377 409 569 448 hymnorum
594 407 692 450 sonis,

242 458 321 491 Post
345 460 480 489 mortem
505 465 563 488 nos
589 455 737 495 protinus

291 504 383 538 Infer
409 505 491 538 coeli
515 504 651 537 thronis

247 579 377 617 Summe
401 581 489 614 Deus
515 580 660 613 nutriens

290 631 370 672 Igne
396 630 541 663 caritatis

243 680 341 719 Tuos,
368 678 408 710 ab
434 678 484 710 his
510 677 643 718 abigens

292 727 393 760 Esum
417 725 599 768 pravitatis,

245 776 380 816 Culpam
406 785 426 808 a
449 783 500 807 me
525 781 693 808 removens

295 823 345 857 Sis
373 823 560 864 cupiditatis

247 872 293 905 Et
317 881 460 906 amorem
484 871 630 904 tribuens

296 919 435 953 Sanctae
459 918 670 960 paupertatis.

246 994 412 1037 Strategos
438 995 613 1029 fortissime

294 1044 557 1085 Christianitatis,

248 1093 347 1133 Quem
372 1093 469 1126 laudo
496 1092 688 1125 cordintime

293 1141 331 1173 In
353 1141 404 1173 his
429 1141 637 1182 praedicatis⁷

246 1190 411 1222 Potestate
436 1189 604 1230 supprime

297 1237 369 1270 Vim
394 1238 611 1278 adversitatis,

250 1286 350 1326 Quam
375 1284 445 1319 fero
471 1285 648 1326 justissime

295 1334 381 1367 Meis
403 1343 465 1375 pro
490 1335 642 1375 peccatis.

248 1409 359 1454 AdsiS,
386 1413 498 1443 sancta
522 1411 663 1452 trinitas,

299 1459 357 1491 Pie
382 1461 415 1492 te
439 1459 588 1492 laudanti

249 1508 300 1541 Ac
320 1508 435 1540 devote
460 1507 580 1549 gratias

297 1556 382 1588 Tuas
407 1556 594 1597 postulanti,

249 1604 345 1637 Hosti
370 1614 443 1637 suas
466 1604 632 1638 machinas

297 1653 413 1686 Preme
437 1662 488 1685 me
513 1654 696 1695 temptanti,

250 1701 359 1742 Atque
382 1711 443 1742 per
466 1702 606 1735 malitias

297 1749 354 1782 Me
377 1750 580 1791 inquietanti.

251 1820 335 1858 Nam
358 1826 456 1857 nocte
481 1832 541 1864 per
566 1825 672 1857 varias

295 1871 353 1904 Me
375 1870 542 1904 illusiones

252 1920 366 1961 Vexat,
397 1919 449 1952 die
477 1919 632 1952 subdolas

300 1968 364 2000 Per
389 1968 620 2009 suggestiones,

252 2017 316 2049 Per
341 2024 415 2048 suas
440 2016 576 2049 insidias

300 2066 351 2097 Ac
375 2064 586 2105 turbationes,

254 2114 413 2146 Procurat
437 2116 470 2145 et
493 2111 629 2146 frivolas

301 2161 569 2195 Machinationes.

256 2230 392 2287 Guratq'r
417 2234 659 2275 promptissime

302 2282 424 2315 Rerum
450 2286 642 2327 creatarum,

258 2330 452 2364 Credentum
477 2331 646 2372 potissime

304 2378 380 2411 Tibi
403 2380 592 2421 animarum,

857 386 913 420 16.

857 802 914 837 17.

860 1219 916 1252 18.

864 1630 922 1664 19.

868 2042 923 2075 20.

941 163 1092 203 Respice,
1118 160 1276 203 piissime,

990 209 1129 243 Fontem
1152 208 1363 241 lacrimarum

941 258 1093 291 Flentum
1123 256 1326 289 amarissime

990 307 1030 341 In
1053 307 1125 339 loco
1151 313 1340 345 poenarum.

942 382 1044 419 Tubis
1069 382 1285 421 mirabilibus,

990 432 1136 466 Trinitas
1162 430 1268 470 beat-a,

940 481 1068 514 Psallat
1092 479 1195 512 omnis
1221 478 1360 519 spiritus

992 529 1106 563 Laude
1128 527 1189 560 tibi
1219 530 1323 568 grata,

939 579 996 612 Me
1020 579 1193 619 prosterno
1218 574 1363 616 pedibus

990 626 1069 660 Tuis
1091 623 1172 657 flens
1198 626 1345 665 peccata,

938 676 1044 708 Annis
1067 672 1266 715 juvenilibus

990 724 1037 759 Et
1060 724 1136 764 post
1156 722 1360 762 perpetrata.

940 797 1054 835 Uirtus
1081 809 1099 832 o
1127 799 1365 839 cunctipotens,

989 849 1103 883 Virtus
1128 845 1267 888 infinita,

940 899 1117 931 Potentatu
1143 896 1312 928 continens

989 945 1109 979 Mundi
1134 944 1314 985 tripartita,

941 994 1072 1028 Virtute
1096 994 1139 1025 sit
1164 1002 1238 1025 mea
1260 1001 1354 1024 mens

989 1043 1054 1076 Per
1081 1045 1113 1074 te
1137 1041 1302 1084 redimita,

940 1091 1001 1125 Uti
1025 1091 1116 1124 vivat
1139 1091 1282 1123 moriens

990 1141 1028 1173 In
1054 1138 1167 1172 futura
1191 1138 1269 1172 vita.

944 1214 1091 1258 Simplex
1118 1225 1136 1249 o
1164 1215 1329 1259 divinitas,

992 1266 1030 1298 In
1054 1264 1205 1306 personis
1231 1265 1330 1306 trina,

946 1314 1076 1347 Edocet
1099 1316 1136 1345 ut
1160 1313 1283 1346 veritas

996 1363 1161 1402 Sacraque
1187 1361 1348 1400 doctrina,

945 1411 997 1444 En
1024 1420 1075 1443 me
1102 1410 1219 1453 culpae
1243 1409 1389 1443 foeditas

997 1460 1122 1493 Gravat
1147 1461 1180 1491 et
1202 1460 1308 1500 ruina,

949 1508 1052 1548 Quam
1076 1511 1134 1540 tua
1157 1507 1344 1549 benignitas

995 1558 1120 1598 Abigat
1145 1556 1266 1591 divina.

948 1626 1041 1664 Finis
1069 1635 1101 1662 et
1125 1629 1324 1671 principium

998 1679 1110 1713 Omnis
1136 1678 1213 1711 boni
1238 1678 1339 1718 Deus,

949 1726 1049 1767 Quem
1073 1736 1136 1768 per
1161 1727 1363 1762 desiderium

1000 1776 1097 1817 Cupit
1122 1785 1215 1809 amor
1238 1785 1342 1816 meus,

951 1824 1056 1858 Tuum
1081 1825 1124 1858 ad
1153 1826 1327 1867 vestigium

1001 1874 1118 1907 Sterno
1143 1882 1196 1907 me
1220 1877 1258 1906 ut
1278 1882 1365 1914 reus,

953 1921 1053 1961 Quem
1076 1922 1199 1963 premit
1222 1921 1383 1964 flagitium

1002 1972 1080 2006 Sive
1103 1970 1296 2005 Jebusaeus.

953 2039 979 2076 Ο
1005 2044 1281 2078 immensurabilis

1002 2093 1152 2126 Omnium
1174 2103 1329 2127 mensura

951 2139 1067 2182 Neque
1092 2140 1277 2183 figurabilis

1000 2190 1123 2230 Aliqua
1148 2188 1266 2232 figura,

953 2236 1078 2270 Tamen
1102 2239 1302 2272 venerabilis

1003 2287 1090 2319 Vere
1115 2295 1241 2320 summa
1266 2297 1345 2320 cura.

953 2334 1126 2375 Propellas
1152 2344 1173 2367 a
1198 2334 1330 2369 famulis

1003 2383 1108 2417 Nobis
1132 2384 1291 2418 nocitura.
