1656 2674
245 173 303 207 11.
330 169 526 217 Lucemque,
555 176 695 217 domina,

378 222 458 256 mihi
483 225 683 265 pauperculo

331 270 383 303 De
408 274 483 305 tuae
509 274 635 316 gratiae

385 319 427 352 da
452 322 688 362 promptuario,

333 368 403 408 Qua
427 378 562 409 prorsus
587 370 710 403 liberer

384 425 403 448 a
428 417 610 451 multifario

332 464 435 506 Malo,
463 476 525 507 quo
553 467 719 508 deprimor

371 512 412 545 ab
437 515 638 548 adversario.

247 600 305 634 12.
332 597 432 635 Modo
458 612 534 635 nam
560 603 668 635 elevat

381 657 434 681 me
457 660 518 692 per
544 651 741 691 superbiam,

331 697 378 730 Et
401 702 478 738 post
502 700 564 732 hoc
590 699 703 740 dejicit

381 754 442 787 per
470 746 698 788 diffidentiam,

332 794 463 828 Deinde
488 796 638 829 sordidat

381 851 443 884 per
466 845 717 885 immunditiam,

333 891 511 926 Succendit
537 894 666 934 saepius

383 948 444 981 per
468 942 684 974 iracundiam.

249 1028 309 1061 13.
336 1024 406 1061 Nec
431 1037 496 1061 non
523 1032 555 1061 et
580 1029 654 1061 aliis

381 1077 503 1109 morbis
528 1076 706 1120 pestiferis,

332 1123 455 1157 Tentat
478 1126 603 1158 invidia

380 1173 415 1205 in
441 1172 581 1206 fratrum
603 1173 783 1216 prosperis,

321 1221 386 1254 Per
411 1222 582 1254 avaritiam

380 1269 414 1301 in
440 1270 538 1302 rebus
570 1270 702 1313 exteris,

331 1317 465 1351 Ventris
491 1318 636 1360 ingluvie

382 1366 550 1409 culpisque
577 1367 704 1399 ceteris.

248 1454 305 1488 14.
335 1449 360 1487 Ο
388 1452 470 1486 felix
495 1454 613 1486 mulier

380 1502 538 1544 virgoque
563 1511 732 1543 generans,

331 1550 387 1583 Ad
411 1553 446 1582 te
472 1560 528 1583 cor
549 1551 638 1592 erigo

383 1599 500 1632 devote
525 1599 726 1640 supplicans,

332 1648 385 1681 Sis
413 1647 579 1681 decoloria

382 1696 471 1729 dicta
497 1697 715 1729 exterminans

330 1744 377 1778 Et
400 1744 608 1778 innocentiae

382 1796 503 1826 statum
528 1802 737 1834 recuperans

331 1877 467 1917 Patrem
494 1884 527 1913 et
550 1880 654 1914 filium

382 1930 567 1971 almumque
591 1929 744 1970 spiritum

330 1978 472 2011 Precatu
497 1979 596 2011 facito

379 2027 459 2060 mihi
485 2028 675 2069 propitium,

332 2075 517 2110 Clementer
544 2076 649 2109 diluat.

380 2127 416 2157 ut
442 2134 537 2159 omne
562 2125 675 2158 vitium

329 2174 377 2207 Et
396 2174 514 2217 jungat
540 2174 645 2207 coetui

378 2232 432 2256 me
457 2233 493 2257 se
519 2224 705 2256 colentium.

248 1882 306 1917 15.

323 2300 405 2329 Orat.
433 2310 487 2330 ms.
509 2301 695 2338 Tegurinum
723 2307 801 2328 saec.
833 2298 877 2328 15.
901 2299 975 2328 Olm.
996 2299 1169 2328 Monacens.
1200 2298 1295 2329 19824
1315 2300 1366 2328 fol.
1390 2298 1427 2329 57
1450 2309 1476 2328 a.
1497 2302 1535 2330 A.
1561 2317 1603 2321 —

790 79 1056 115 —135—

953 179 1009 212 16.

953 604 1008 637 17.

956 1030 1013 1063 18.

957 1455 1011 1487 19.

955 1880 1013 1915 20.

1039 175 1182 217 Quorum
1206 181 1243 210 ut
1266 188 1397 213 merear

1085 228 1177 267 sequi
1202 228 1340 269 vestigia

1035 275 1080 308 Et
1105 275 1171 308 illis
1197 279 1312 317 postea

1083 324 1176 366 jungi
1199 325 1234 356 in
1259 325 1372 366 gloria,

1036 371 1147 405 Mater
1172 373 1321 406 amabilis

1088 423 1121 452 et
1144 422 1243 462 plena
1267 422 1384 465 gratia,

1036 468 1103 502 Des
1128 470 1208 502 mihi
1233 470 1351 503 misero

1085 520 1143 549 tua
1168 518 1325 551 subsidia.

1036 600 1159 638 Rorem
1186 607 1218 636 ct
1242 604 1383 645 impetra

1089 652 1219 685 divinae
1244 653 1369 693 gratiae

1036 700 1110 740 His,
1137 710 1262 742 poenae
1284 701 1412 742 agitant.

1086 757 1165 789 quos
1190 749 1409 791 purgatoriae,

1039 797 1070 830 A
1095 797 1169 830 lacu
1193 798 1315 830 liberos

1088 845 1136 878 ita
1160 846 1311 878 miseriae

1041 893 1221 927 Gonnectas
1246 894 1361 926 incolis

1087 951 1248 982 supernae
1273 942 1412 983 patriae.

1041 1025 1108 1063 Sed
1132 1028 1191 1062 hos
1215 1038 1297 1070 prae
1322 1029 1395 1061 aliis

1087 1077 1148 1110 tibi
1175 1078 1414 1117 committimus,

1040 1127 1071 1158 A
1096 1126 1212 1166 quibus
1239 1126 1338 1166 geniti

1089 1182 1186 1206 carne
1209 1174 1448 1212 descendimus,

1040 1221 1112 1254 Nec
1135 1232 1200 1255 non
1227 1225 1259 1254 et
1281 1223 1403 1254 utimur

1077 1278 1210 1311 quorum
1236 1270 1423 1302 muneribus

1038 1318 1099 1352 Vel
1125 1319 1343 1351 commendati
1368 1320 1444 1350 sunt

1088 1366 1143 1407 qui
1167 1370 1290 1400 nostris
1314 1366 1480 1408 precibus.

1041 1451 1189 1488 Tandem
1213 1454 1386 1486 subvenias

1087 1502 1138 1534 his
1164 1503 1358 1542 liberaliter,

1041 1550 1125 1590 Quos
1152 1550 1264 1584 forsan
1291 1552 1416 1583 scelera

1087 1603 1226 1640 gravant
1251 1600 1406 1640 letaliter,

1038 1648 1094 1680 Ad
1120 1647 1225 1681 Deum
1252 1649 1391 1681 redeant

1087 1698 1125 1729 ut
1147 1697 1362 1738 integraliter,

1039 1744 1086 1778 Ut
1110 1746 1239 1785 possint
1264 1745 1415 1785 consequi

1087 1794 1189 1826 vitam
1214 1792 1367 1826 finaliter.

1038 1877 1290 1920 Universaliter‚

1090 1938 1108 1961 o
1133 1933 1239 1962 mater
1265 1929 1417 1969 omnium,

1041 1977 1186 2011 Salutem
1211 1979 1395 2020 quaerimus

1091 2026 1220 2060 Christo
1248 2027 1460 2067 credentium,

1040 2075 1087 2109 Ut
1112 2078 1204 2109 tuum
1229 2076 1378 2109 inclitum

1088 2133 1149 2165 per
1174 2125 1391 2166 patrocinium

1039 2173 1199 2214 Queamus
1223 2174 1354 2215 ingredi

1087 2225 1210 2256 terram
1234 2222 1423 2256 viventium.

243 2340 326 2369 Orat.
343 2349 398 2369 ms.
419 2340 605 2379 Tegurinum
627 2348 707 2368 saec.
731 2337 776 2368 15.
800 2338 873 2368 olm.
895 2339 1069 2367 Monacens.
1091 2336 1192 2369 20001
1213 2340 1264 2368 fol.
1289 2338 1342 2369 131
1365 2348 1391 2368 a.
1412 2340 1447 2368 B.
