<?xml version="1.0" encoding="UTF-8"?>
<!DOCTYPE html PUBLIC "-//W3C//DTD XHTML 1.0 Transitional//EN"
    "http://www.w3.org/TR/xhtml1/DTD/xhtml1-transitional.dtd">
<html xmlns="http://www.w3.org/1999/xhtml" xml:lang="en" lang="en">
 <head>
  <title>
</title>
<meta http-equiv="Content-Type" content="text/html;charset=utf-8" />
  <meta name='ocr-system' content='tesseract 3.04.00' />
  <meta name='ocr-capabilities' content='ocr_page ocr_carea ocr_par ocr_line ocrx_word'/>
</head>
<body>
  <div class='ocr_page' id='page_1' title='image "./analectahymnica06drevuoft_00048.png"; bbox 0 0 1656 2674; ppageno 0'>
   <div class='ocr_carea' id='block_1_1' title="bbox 141 192 1492 575">
    <p class='ocr_par' dir='ltr' id='par_1_1' title="bbox 141 192 1492 575">
     <span class='ocr_line' id='line_1_1' title="bbox 141 192 1491 238; baseline 0.001 -14"><span class='ocrx_word' id='word_1_1' title='bbox 141 193 173 225; x_wconf 79' lang='lat'>2.</span> <span class='ocrx_word' id='word_1_2' title='bbox 201 192 284 232; x_wconf 86' lang='lat' dir='ltr'>Ave,</span> <span class='ocrx_word' id='word_1_3' title='bbox 314 193 405 233; x_wconf 88' lang='lat' dir='ltr'>cujus</span> <span class='ocrx_word' id='word_1_4' title='bbox 431 195 498 224; x_wconf 87' lang='lat' dir='ltr'>tam</span> <span class='ocrx_word' id='word_1_5' title='bbox 524 195 638 225; x_wconf 84' lang='lat' dir='ltr'>sancta</span> <span class='ocrx_word' id='word_1_6' title='bbox 661 193 788 234; x_wconf 83' lang='lat' dir='ltr'>puritas</span> <span class='ocrx_word' id='word_1_7' title='bbox 849 196 881 228; x_wconf 82' lang='lat'>4.</span> <span class='ocrx_word' id='word_1_8' title='bbox 910 197 991 234; x_wconf 87' lang='lat' dir='ltr'>Ave,</span> <span class='ocrx_word' id='word_1_9' title='bbox 1003 203 1063 234; x_wconf 86' lang='lat' dir='ltr'>per</span> <span class='ocrx_word' id='word_1_10' title='bbox 1073 193 1491 238; x_wconf 80' lang='lat' dir='ltr'>quamvenithaecnovitas,</span> 
     </span>
     <span class='ocr_line' id='line_1_2' title="bbox 200 240 1492 283; baseline 0 -9"><span class='ocrx_word' id='word_1_11' title='bbox 200 241 247 274; x_wconf 86' lang='lat' dir='ltr'>Et</span> <span class='ocrx_word' id='word_1_12' title='bbox 269 244 336 273; x_wconf 88' lang='lat' dir='ltr'>tam</span> <span class='ocrx_word' id='word_1_13' title='bbox 362 250 447 282; x_wconf 89' lang='lat' dir='ltr'>pura</span> <span class='ocrx_word' id='word_1_14' title='bbox 473 240 536 274; x_wconf 88' lang='lat' dir='ltr'>fuit</span> <span class='ocrx_word' id='word_1_15' title='bbox 559 241 741 283; x_wconf 77' lang='lat' dir='ltr'><strong>integritas,</strong></span> <span class='ocrx_word' id='word_1_16' title='bbox 907 243 1033 283; x_wconf 83' lang='lat' dir='ltr'>Regum</span> <span class='ocrx_word' id='word_1_17' title='bbox 1058 242 1144 283; x_wconf 83' lang='lat' dir='ltr'>regis</span> <span class='ocrx_word' id='word_1_18' title='bbox 1163 243 1297 275; x_wconf 83' lang='lat' dir='ltr'><strong>thronus</strong></span> <span class='ocrx_word' id='word_1_19' title='bbox 1317 245 1350 274; x_wconf 90' lang='lat' dir='ltr'>et</span> <span class='ocrx_word' id='word_1_20' title='bbox 1367 242 1492 280; x_wconf 75' lang='lat' dir='ltr'>civitas,</span> 
     </span>
     <span class='ocr_line' id='line_1_3' title="bbox 201 289 1476 334; baseline 0 -11"><span class='ocrx_word' id='word_1_21' title='bbox 201 290 285 323; x_wconf 88' lang='lat' dir='ltr'>Tam</span> <span class='ocrx_word' id='word_1_22' title='bbox 309 289 477 331; x_wconf 81' lang='lat' dir='ltr'>profunda</span> <span class='ocrx_word' id='word_1_23' title='bbox 501 289 565 323; x_wconf 81' lang='lat' dir='ltr'>fuit</span> <span class='ocrx_word' id='word_1_24' title='bbox 588 290 765 334; x_wconf 85' lang='lat' dir='ltr'>humilitas,</span> <span class='ocrx_word' id='word_1_25' title='bbox 909 291 976 324; x_wconf 88' lang='lat' dir='ltr'>Sua</span> <span class='ocrx_word' id='word_1_26' title='bbox 998 291 1093 324; x_wconf 87' lang='lat' dir='ltr'>nobis</span> <span class='ocrx_word' id='word_1_27' title='bbox 1118 291 1257 331; x_wconf 86' lang='lat' dir='ltr'>praebet</span> <span class='ocrx_word' id='word_1_28' title='bbox 1280 290 1476 332; x_wconf 76' lang='lat' dir='ltr'>benignitas,</span> 
     </span>
     <span class='ocr_line' id='line_1_4' title="bbox 200 338 1473 381; baseline 0 -10"><span class='ocrx_word' id='word_1_29' title='bbox 200 338 379 372; x_wconf 88' lang='lat' dir='ltr'>Habitaret</span> <span class='ocrx_word' id='word_1_30' title='bbox 402 341 438 372; x_wconf 90' lang='lat' dir='ltr'>ut</span> <span class='ocrx_word' id='word_1_31' title='bbox 463 340 497 372; x_wconf 92' lang='lat' dir='ltr'>in</span> <span class='ocrx_word' id='word_1_32' title='bbox 522 342 556 372; x_wconf 84' lang='lat' dir='ltr'>te</span> <span class='ocrx_word' id='word_1_33' title='bbox 583 339 706 380; x_wconf 80' lang='lat' dir='ltr'>deitas3</span> <span class='ocrx_word' id='word_1_34' title='bbox 910 339 964 373; x_wconf 85' lang='lat' dir='ltr'>Sic</span> <span class='ocrx_word' id='word_1_35' title='bbox 991 340 1101 372; x_wconf 88' lang='lat' dir='ltr'>delere</span> <span class='ocrx_word' id='word_1_36' title='bbox 1126 340 1239 373; x_wconf 85' lang='lat' dir='ltr'>sordes</span> <span class='ocrx_word' id='word_1_37' title='bbox 1265 339 1473 381; x_wconf 85' lang='lat' dir='ltr'>praeteritas,</span> 
     </span>
     <span class='ocr_line' id='line_1_5' title="bbox 201 387 1437 429; baseline 0 -9"><span class='ocrx_word' id='word_1_38' title='bbox 201 387 241 420; x_wconf 90' lang='lat' dir='ltr'>In</span> <span class='ocrx_word' id='word_1_39' title='bbox 275 390 309 419; x_wconf 88' lang='lat' dir='ltr'>te</span> <span class='ocrx_word' id='word_1_40' title='bbox 333 390 437 420; x_wconf 85' lang='lat' dir='ltr'>totum</span> <span class='ocrx_word' id='word_1_41' title='bbox 466 388 528 420; x_wconf 89' lang='lat' dir='ltr'>hoc</span> <span class='ocrx_word' id='word_1_42' title='bbox 554 387 621 428; x_wconf 88' lang='lat' dir='ltr'>egit</span> <span class='ocrx_word' id='word_1_43' title='bbox 644 387 786 428; x_wconf 80' lang='lat' dir='ltr'>trinitas,</span> <span class='ocrx_word' id='word_1_44' title='bbox 910 388 960 421; x_wconf 85' lang='lat' dir='ltr'>Ne</span> <span class='ocrx_word' id='word_1_45' title='bbox 984 397 1043 421; x_wconf 91' lang='lat' dir='ltr'>nos</span> <span class='ocrx_word' id='word_1_46' title='bbox 1067 390 1143 421; x_wconf 88' lang='lat' dir='ltr'>urat</span> <span class='ocrx_word' id='word_1_47' title='bbox 1164 390 1234 421; x_wconf 89' lang='lat' dir='ltr'>irae</span> <span class='ocrx_word' id='word_1_48' title='bbox 1260 388 1437 429; x_wconf 88' lang='lat' dir='ltr'>calamitas,</span> 
     </span>
     <span class='ocr_line' id='line_1_6' title="bbox 202 436 1444 480; baseline -0.001 -11"><span class='ocrx_word' id='word_1_49' title='bbox 202 436 251 470; x_wconf 86' lang='lat' dir='ltr'>Ut</span> <span class='ocrx_word' id='word_1_50' title='bbox 274 436 413 468; x_wconf 78' lang='lat' dir='ltr'>sentiret</span> <span class='ocrx_word' id='word_1_51' title='bbox 436 436 532 469; x_wconf 86' lang='lat' dir='ltr'>Adae</span> <span class='ocrx_word' id='word_1_52' title='bbox 557 437 742 476; x_wconf 76' lang='lat' dir='ltr'>posteritas,</span> <span class='ocrx_word' id='word_1_53' title='bbox 910 437 989 470; x_wconf 85' lang='lat' dir='ltr'>Cum</span> <span class='ocrx_word' id='word_1_54' title='bbox 1014 436 1141 469; x_wconf 88' lang='lat' dir='ltr'>venerit</span> <span class='ocrx_word' id='word_1_55' title='bbox 1163 438 1252 477; x_wconf 89' lang='lat' dir='ltr'>justa</span> <span class='ocrx_word' id='word_1_56' title='bbox 1277 436 1444 480; x_wconf 87' lang='lat' dir='ltr'>severitas,</span> 
     </span>
     <span class='ocr_line' id='line_1_7' title="bbox 205 485 1445 526; baseline -0.001 -8"><span class='ocrx_word' id='word_1_57' title='bbox 205 485 296 526; x_wconf 64' lang='lat' dir='ltr'>Quod</span> <span class='ocrx_word' id='word_1_58' title='bbox 312 485 512 526; x_wconf 79' lang='lat' dir='ltr'>redemptor,</span> <span class='ocrx_word' id='word_1_59' title='bbox 527 485 615 518; x_wconf 87' lang='lat' dir='ltr'>salus</span> <span class='ocrx_word' id='word_1_60' title='bbox 627 485 788 517; x_wconf 86' lang='lat' dir='ltr'>etsanitas</span> <span class='ocrx_word' id='word_1_61' title='bbox 908 485 1101 526; x_wconf 74' lang='lat' dir='ltr'>Voluptates</span> <span class='ocrx_word' id='word_1_62' title='bbox 1126 486 1263 525; x_wconf 87' lang='lat' dir='ltr'>puniens</span> <span class='ocrx_word' id='word_1_63' title='bbox 1289 485 1445 526; x_wconf 89' lang='lat' dir='ltr'>aequitas,</span> 
     </span>
     <span class='ocr_line' id='line_1_8' title="bbox 201 533 1492 575; baseline 0.002 -8"><span class='ocrx_word' id='word_1_64' title='bbox 201 533 398 567; x_wconf 85' lang='lat' dir='ltr'>Mittebatur</span> <span class='ocrx_word' id='word_1_65' title='bbox 423 534 465 567; x_wconf 84' lang='lat' dir='ltr'>ad</span> <span class='ocrx_word' id='word_1_66' title='bbox 493 543 569 568; x_wconf 91' lang='lat' dir='ltr'>oves</span> <span class='ocrx_word' id='word_1_67' title='bbox 596 533 753 574; x_wconf 84' lang='lat' dir='ltr'>perditas,</span> <span class='ocrx_word' id='word_1_68' title='bbox 908 534 993 575; x_wconf 80' lang='lat' dir='ltr'>Quas</span> <span class='ocrx_word' id='word_1_69' title='bbox 1019 533 1166 575; x_wconf 87' lang='lat' dir='ltr'>sequitur</span> <span class='ocrx_word' id='word_1_70' title='bbox 1182 537 1295 567; x_wconf 85' lang='lat' dir='ltr'>nostra</span> <span class='ocrx_word' id='word_1_71' title='bbox 1318 533 1492 569; x_wconf 69' lang='lat' dir='ltr'>stoliditas</span> 
     </span>
    </p>
   </div>
   <div class='ocr_carea' id='block_1_2' title="bbox 906 610 1489 1034">
    <p class='ocr_par' dir='ltr' id='par_1_2' title="bbox 906 610 1489 1034">
     <span class='ocr_line' id='line_1_9' title="bbox 909 610 1486 651; baseline 0 -8"><span class='ocrx_word' id='word_1_72' title='bbox 909 610 974 643; x_wconf 87' lang='lat' dir='ltr'>Sed</span> <span class='ocrx_word' id='word_1_73' title='bbox 997 611 1045 642; x_wconf 88' lang='lat' dir='ltr'>sic</span> <span class='ocrx_word' id='word_1_74' title='bbox 1069 614 1126 644; x_wconf 87' lang='lat' dir='ltr'>tua</span> <span class='ocrx_word' id='word_1_75' title='bbox 1150 620 1208 644; x_wconf 92' lang='lat' dir='ltr'>nos</span> <span class='ocrx_word' id='word_1_76' title='bbox 1231 610 1323 651; x_wconf 87' lang='lat' dir='ltr'>juvet</span> <span class='ocrx_word' id='word_1_77' title='bbox 1345 611 1486 651; x_wconf 85' lang='lat' dir='ltr'>castitas,</span> 
     </span>
     <span class='ocr_line' id='line_1_10' title="bbox 909 658 1487 701; baseline -0.002 -8"><span class='ocrx_word' id='word_1_78' title='bbox 909 659 1001 693; x_wconf 87' lang='lat' dir='ltr'>Patri</span> <span class='ocrx_word' id='word_1_79' title='bbox 1024 668 1140 700; x_wconf 77' lang='lat' dir='ltr'>preces</span> <span class='ocrx_word' id='word_1_80' title='bbox 1167 658 1306 692; x_wconf 87' lang='lat' dir='ltr'>fundens</span> <span class='ocrx_word' id='word_1_81' title='bbox 1325 660 1487 701; x_wconf 88' lang='lat' dir='ltr'>emeritas,</span> 
     </span>
     <span class='ocr_line' id='line_1_11' title="bbox 911 708 1459 749; baseline -0.002 -9"><span class='ocrx_word' id='word_1_82' title='bbox 911 708 977 741; x_wconf 87' lang='lat' dir='ltr'>Sua</span> <span class='ocrx_word' id='word_1_83' title='bbox 1001 708 1095 741; x_wconf 87' lang='lat' dir='ltr'>nobis</span> <span class='ocrx_word' id='word_1_84' title='bbox 1119 710 1157 740; x_wconf 86' lang='lat' dir='ltr'>ut</span> <span class='ocrx_word' id='word_1_85' title='bbox 1180 711 1296 749; x_wconf 88' lang='lat' dir='ltr'>parcat</span> <span class='ocrx_word' id='word_1_86' title='bbox 1319 708 1459 744; x_wconf 75' lang='lat' dir='ltr'>bonitas,</span> 
     </span>
     <span class='ocr_line' id='line_1_12' title="bbox 910 756 1429 797; baseline -0.002 -8"><span class='ocrx_word' id='word_1_87' title='bbox 910 756 1113 789; x_wconf 88' lang='lat' dir='ltr'>Timentibus</span> <span class='ocrx_word' id='word_1_88' title='bbox 1140 756 1180 789; x_wconf 88' lang='lat' dir='ltr'>ob</span> <span class='ocrx_word' id='word_1_89' title='bbox 1207 765 1259 789; x_wconf 90' lang='lat' dir='ltr'>res</span> <span class='ocrx_word' id='word_1_90' title='bbox 1284 757 1429 797; x_wconf 87' lang='lat' dir='ltr'>illicitas,</span> 
     </span>
     <span class='ocr_line' id='line_1_13' title="bbox 909 805 1489 846; baseline -0.003 -7"><span class='ocrx_word' id='word_1_91' title='bbox 909 805 955 839; x_wconf 89' lang='lat' dir='ltr'>Ut</span> <span class='ocrx_word' id='word_1_92' title='bbox 968 805 1001 837; x_wconf 88' lang='lat' dir='ltr'>in</span> <span class='ocrx_word' id='word_1_93' title='bbox 1014 814 1125 846; x_wconf 84' lang='lat' dir='ltr'>regno,</span> <span class='ocrx_word' id='word_1_94' title='bbox 1141 806 1227 846; x_wconf 90' lang='lat' dir='ltr'>quod</span> <span class='ocrx_word' id='word_1_95' title='bbox 1242 807 1291 837; x_wconf 89' lang='lat' dir='ltr'>est</span> <span class='ocrx_word' id='word_1_96' title='bbox 1302 805 1489 846; x_wconf 78' lang='lat' dir='ltr'>aeternitas,</span> 
     </span>
     <span class='ocr_line' id='line_1_14' title="bbox 910 853 1377 895; baseline -0.002 -8"><span class='ocrx_word' id='word_1_97' title='bbox 910 853 976 887; x_wconf 91' lang='lat' dir='ltr'>Ubi</span> <span class='ocrx_word' id='word_1_98' title='bbox 1002 862 1080 886; x_wconf 85' lang='lat' dir='ltr'>vera</span> <span class='ocrx_word' id='word_1_99' title='bbox 1105 853 1191 886; x_wconf 90' lang='lat' dir='ltr'>ridet</span> <span class='ocrx_word' id='word_1_100' title='bbox 1216 853 1377 895; x_wconf 88' lang='lat' dir='ltr'>hilaritas,</span> 
     </span>
     <span class='ocr_line' id='line_1_15' title="bbox 909 901 1489 943; baseline 0 -9"><span class='ocrx_word' id='word_1_101' title='bbox 909 901 1013 942; x_wconf 88' lang='lat' dir='ltr'>Salus,</span> <span class='ocrx_word' id='word_1_102' title='bbox 1034 902 1134 943; x_wconf 84' lang='lat' dir='ltr'>quieS,</span> <span class='ocrx_word' id='word_1_103' title='bbox 1153 911 1218 942; x_wconf 79' lang='lat' dir='ltr'>pax</span> <span class='ocrx_word' id='word_1_104' title='bbox 1231 904 1264 934; x_wconf 89' lang='lat' dir='ltr'>et</span> <span class='ocrx_word' id='word_1_105' title='bbox 1276 902 1489 943; x_wconf 87' lang='lat' dir='ltr'>prosperitas,</span> 
     </span>
     <span class='ocr_line' id='line_1_16' title="bbox 906 950 1489 984; baseline -0.002 -1"><span class='ocrx_word' id='word_1_106' title='bbox 906 950 1038 983; x_wconf 83' lang='lat' dir='ltr'>Laudes</span> <span class='ocrx_word' id='word_1_107' title='bbox 1082 950 1210 984; x_wconf 89' lang='lat' dir='ltr'>Christo</span> <span class='ocrx_word' id='word_1_108' title='bbox 1246 959 1397 982; x_wconf 87' lang='lat' dir='ltr'>canamus</span> <span class='ocrx_word' id='word_1_109' title='bbox 1433 951 1489 983; x_wconf 88' lang='lat' dir='ltr'>de-</span> 
     </span>
     <span class='ocr_line' id='line_1_17' title="bbox 1256 998 1351 1034; baseline 0.042 -4"><span class='ocrx_word' id='word_1_110' title='bbox 1256 998 1351 1034; x_wconf 85' lang='lat' dir='ltr'>bitaS.</span> 
     </span>
    </p>
   </div>
   <div class='ocr_carea' id='block_1_3' title="bbox 140 1073 1488 1189">
    <p class='ocr_par' dir='ltr' id='par_1_3' title="bbox 140 1073 1488 1189">
     <span class='ocr_line' id='line_1_18' title="bbox 218 1073 1488 1112; baseline 0 -10"><span class='ocrx_word' id='word_1_111' title='bbox 218 1077 300 1105; x_wconf 83' lang='lat' dir='ltr'>Orat.</span> <span class='ocrx_word' id='word_1_112' title='bbox 322 1085 375 1104; x_wconf 87' lang='lat' dir='ltr'>ms.</span> <span class='ocrx_word' id='word_1_113' title='bbox 397 1076 596 1112; x_wconf 82' lang='lat' dir='ltr'>Tegrinsense</span> <span class='ocrx_word' id='word_1_114' title='bbox 616 1084 694 1104; x_wconf 83' lang='lat' dir='ltr'>saec.</span> <span class='ocrx_word' id='word_1_115' title='bbox 712 1073 756 1102; x_wconf 89' lang='lat'>15.</span> <span class='ocrx_word' id='word_1_116' title='bbox 779 1075 851 1103; x_wconf 84' lang='lat' dir='ltr'>Cim.</span> <span class='ocrx_word' id='word_1_117' title='bbox 866 1074 985 1103; x_wconf 85' lang='lat' dir='ltr'>Monac.</span> <span class='ocrx_word' id='word_1_118' title='bbox 1004 1073 1104 1103; x_wconf 83' lang='lat'>19824</span> <span class='ocrx_word' id='word_1_119' title='bbox 1120 1075 1171 1103; x_wconf 84' lang='lat' dir='ltr'>fol.</span> <span class='ocrx_word' id='word_1_120' title='bbox 1188 1073 1243 1104; x_wconf 82' lang='lat'>167</span> <span class='ocrx_word' id='word_1_121' title='bbox 1259 1083 1285 1103; x_wconf 88' lang='lat' dir='ltr'>a.</span> <span class='ocrx_word' id='word_1_122' title='bbox 1304 1075 1339 1103; x_wconf 91' lang='lat' dir='ltr'>A.</span> <span class='ocrx_word' id='word_1_123' title='bbox 1355 1090 1392 1095; x_wconf 89' lang='lat'>—-</span> <span class='ocrx_word' id='word_1_124' title='bbox 1407 1075 1488 1104; x_wconf 85' lang='lat' dir='ltr'>Orat.</span> 
     </span>
     <span class='ocr_line' id='line_1_19' title="bbox 141 1111 1487 1153; baseline -0.001 -11"><span class='ocrx_word' id='word_1_125' title='bbox 141 1123 196 1143; x_wconf 78' lang='lat' dir='ltr'>ms.</span> <span class='ocrx_word' id='word_1_126' title='bbox 217 1116 419 1153; x_wconf 77' lang='lat' dir='ltr'>Tegrinsensc</span> <span class='ocrx_word' id='word_1_127' title='bbox 439 1123 515 1142; x_wconf 79' lang='lat' dir='ltr'>saec.</span> <span class='ocrx_word' id='word_1_128' title='bbox 538 1112 584 1142; x_wconf 77' lang='lat'>15.</span> <span class='ocrx_word' id='word_1_129' title='bbox 605 1113 680 1144; x_wconf 81' lang='lat' dir='ltr'>Cim.</span> <span class='ocrx_word' id='word_1_130' title='bbox 701 1113 821 1142; x_wconf 81' lang='lat' dir='ltr'>Monac.</span> <span class='ocrx_word' id='word_1_131' title='bbox 841 1111 944 1142; x_wconf 78' lang='lat'>20001</span> <span class='ocrx_word' id='word_1_132' title='bbox 966 1113 1017 1141; x_wconf 74' lang='lat' dir='ltr'>fol.</span> <span class='ocrx_word' id='word_1_133' title='bbox 1039 1113 1074 1142; x_wconf 78' lang='lat'>71</span> <span class='ocrx_word' id='word_1_134' title='bbox 1097 1114 1126 1142; x_wconf 79' lang='lat' dir='ltr'>b.</span> <span class='ocrx_word' id='word_1_135' title='bbox 1147 1115 1181 1142; x_wconf 82' lang='lat' dir='ltr'>B.</span> <span class='ocrx_word' id='word_1_136' title='bbox 1203 1130 1243 1135; x_wconf 89' lang='lat'>—-</span> <span class='ocrx_word' id='word_1_137' title='bbox 1262 1113 1338 1142; x_wconf 86' lang='lat' dir='ltr'>Orat</span> <span class='ocrx_word' id='word_1_138' title='bbox 1356 1122 1410 1142; x_wconf 76' lang='lat' dir='ltr'>ms,</span> <span class='ocrx_word' id='word_1_139' title='bbox 1430 1115 1487 1142; x_wconf 62' lang='lat' dir='ltr'>Tc-</span> 
     </span>
     <span class='ocr_line' id='line_1_20' title="bbox 140 1150 1278 1189; baseline -0.002 -9"><span class='ocrx_word' id='word_1_140' title='bbox 140 1155 296 1189; x_wconf 78' lang='lat' dir='ltr'>grinsense</span> <span class='ocrx_word' id='word_1_141' title='bbox 318 1162 394 1182; x_wconf 86' lang='lat' dir='ltr'>saec.</span> <span class='ocrx_word' id='word_1_142' title='bbox 419 1151 464 1181; x_wconf 84' lang='lat'>15.</span> <span class='ocrx_word' id='word_1_143' title='bbox 486 1153 561 1181; x_wconf 86' lang='lat' dir='ltr'>Clm.</span> <span class='ocrx_word' id='word_1_144' title='bbox 581 1153 700 1181; x_wconf 82' lang='lat' dir='ltr'>Monac.</span> <span class='ocrx_word' id='word_1_145' title='bbox 724 1150 826 1181; x_wconf 86' lang='lat'><strong>19363</strong></span> <span class='ocrx_word' id='word_1_146' title='bbox 849 1151 880 1180; x_wconf 81' lang='lat' dir='ltr'>G.</span> <span class='ocrx_word' id='word_1_147' title='bbox 896 1168 936 1172; x_wconf 91' lang='lat'>—</span> <span class='ocrx_word' id='word_1_148' title='bbox 958 1151 982 1186; x_wconf 57' lang='lat'>1.</span> <span class='ocrx_word' id='word_1_149' title='bbox 1002 1151 1019 1180; x_wconf 87' lang='lat'>5</span> <span class='ocrx_word' id='word_1_150' title='bbox 1041 1162 1068 1181; x_wconf 91' lang='lat' dir='ltr'>u.</span> <span class='ocrx_word' id='word_1_151' title='bbox 1091 1152 1108 1182; x_wconf 93' lang='lat'>6</span> <span class='ocrx_word' id='word_1_152' title='bbox 1129 1152 1229 1181; x_wconf 86' lang='lat' dir='ltr'>fehlen</span> <span class='ocrx_word' id='word_1_153' title='bbox 1251 1152 1278 1180; x_wconf 65' lang='lat' dir='ltr'>C,</span> 
     </span>
    </p>
   </div>
   <div class='ocr_carea' id='block_1_4' title="bbox 144 611 880 1040">
    <p class='ocr_par' dir='ltr' id='par_1_4' title="bbox 144 611 880 1040">
     <span class='ocr_line' id='line_1_21' title="bbox 144 611 880 653; baseline -0.003 -7"><span class='ocrx_word' id='word_1_154' title='bbox 144 613 177 646; x_wconf 82' lang='lat'>3.</span> <span class='ocrx_word' id='word_1_155' title='bbox 205 613 278 645; x_wconf 88' lang='lat' dir='ltr'>Ave</span> <span class='ocrx_word' id='word_1_156' title='bbox 303 613 410 653; x_wconf 89' lang='lat' dir='ltr'>stella,</span> <span class='ocrx_word' id='word_1_157' title='bbox 442 612 532 652; x_wconf 88' lang='lat' dir='ltr'>cujus</span> <span class='ocrx_word' id='word_1_158' title='bbox 559 611 717 643; x_wconf 82' lang='lat' dir='ltr'>serenitas</span> <span class='ocrx_word' id='word_1_159' title='bbox 850 612 880 644; x_wconf 85' lang='lat'>5.</span> 
     </span>
     <span class='ocr_line' id='line_1_22' title="bbox 205 658 767 702; baseline -0.004 -10"><span class='ocrx_word' id='word_1_160' title='bbox 205 660 400 702; x_wconf 90' lang='lat' dir='ltr'>Prophetias</span> <span class='ocrx_word' id='word_1_161' title='bbox 427 660 525 693; x_wconf 89' lang='lat' dir='ltr'>solvit</span> <span class='ocrx_word' id='word_1_162' title='bbox 549 658 767 702; x_wconf 89' lang='lat' dir='ltr'>absconditas,</span> 
     </span>
     <span class='ocr_line' id='line_1_23' title="bbox 203 706 787 749; baseline -0.005 -7"><span class='ocrx_word' id='word_1_163' title='bbox 203 709 269 742; x_wconf 89' lang='lat' dir='ltr'>Per</span> <span class='ocrx_word' id='word_1_164' title='bbox 279 717 375 749; x_wconf 87' lang='lat' dir='ltr'>quam</span> <span class='ocrx_word' id='word_1_165' title='bbox 389 711 482 741; x_wconf 89' lang='lat' dir='ltr'>vetus</span> <span class='ocrx_word' id='word_1_166' title='bbox 498 708 594 740; x_wconf 83' lang='lat' dir='ltr'>cessit</span> <span class='ocrx_word' id='word_1_167' title='bbox 606 706 787 748; x_wconf 83' lang='lat' dir='ltr'>infirmitas,</span> 
     </span>
     <span class='ocr_line' id='line_1_24' title="bbox 206 756 778 798; baseline -0.003 -8"><span class='ocrx_word' id='word_1_168' title='bbox 206 757 328 790; x_wconf 86' lang='lat' dir='ltr'>Videns</span> <span class='ocrx_word' id='word_1_169' title='bbox 353 758 445 790; x_wconf 89' lang='lat' dir='ltr'>videt</span> <span class='ocrx_word' id='word_1_170' title='bbox 470 757 603 798; x_wconf 87' lang='lat' dir='ltr'>antiqua</span> <span class='ocrx_word' id='word_1_171' title='bbox 629 756 778 797; x_wconf 88' lang='lat' dir='ltr'>caecitas,</span> 
     </span>
     <span class='ocr_line' id='line_1_25' title="bbox 203 805 737 848; baseline -0.004 -10"><span class='ocrx_word' id='word_1_172' title='bbox 203 807 420 846; x_wconf 86' lang='lat' dir='ltr'>Temperatur</span> <span class='ocrx_word' id='word_1_173' title='bbox 448 806 530 846; x_wconf 86' lang='lat' dir='ltr'>legis</span> <span class='ocrx_word' id='word_1_174' title='bbox 554 805 737 848; x_wconf 81' lang='lat' dir='ltr'>austeritas,</span> 
     </span>
     <span class='ocr_line' id='line_1_26' title="bbox 205 852 787 894; baseline -0.003 -7"><span class='ocrx_word' id='word_1_175' title='bbox 205 854 347 894; x_wconf 88' lang='lat' dir='ltr'>Tempus</span> <span class='ocrx_word' id='word_1_176' title='bbox 366 853 489 887; x_wconf 86' lang='lat' dir='ltr'>habent</span> <span class='ocrx_word' id='word_1_177' title='bbox 508 862 592 894; x_wconf 85' lang='lat' dir='ltr'>speS‚</span> <span class='ocrx_word' id='word_1_178' title='bbox 613 852 707 894; x_wconf 83' lang='lat' dir='ltr'>fides,</span> <span class='ocrx_word' id='word_1_179' title='bbox 735 862 787 885; x_wconf 92' lang='lat' dir='ltr'>ca-</span> 
     </span>
     <span class='ocr_line' id='line_1_27' title="bbox 550 901 642 943; baseline -0.011 -8"><span class='ocrx_word' id='word_1_180' title='bbox 550 901 642 943; x_wconf 86' lang='lat' dir='ltr'>ritas,</span> 
     </span>
     <span class='ocr_line' id='line_1_28' title="bbox 203 950 767 992; baseline -0.004 -8"><span class='ocrx_word' id='word_1_181' title='bbox 203 951 267 984; x_wconf 84' lang='lat' dir='ltr'>Per</span> <span class='ocrx_word' id='word_1_182' title='bbox 294 960 373 992; x_wconf 89' lang='lat' dir='ltr'>quas</span> <span class='ocrx_word' id='word_1_183' title='bbox 398 950 461 984; x_wconf 88' lang='lat' dir='ltr'>Dei</span> <span class='ocrx_word' id='word_1_184' title='bbox 488 951 572 983; x_wconf 91' lang='lat' dir='ltr'>dono</span> <span class='ocrx_word' id='word_1_185' title='bbox 598 950 767 992; x_wconf 85' lang='lat' dir='ltr'>gratuitas,</span> 
     </span>
     <span class='ocr_line' id='line_1_29' title="bbox 200 999 750 1040; baseline -0.004 -8"><span class='ocrx_word' id='word_1_186' title='bbox 200 1000 306 1033; x_wconf 81' lang='lat' dir='ltr'>Lucet</span> <span class='ocrx_word' id='word_1_187' title='bbox 326 1000 424 1040; x_wconf 86' lang='lat' dir='ltr'>justis</span> <span class='ocrx_word' id='word_1_188' title='bbox 449 1002 583 1032; x_wconf 88' lang='lat' dir='ltr'>aeterna</span> <span class='ocrx_word' id='word_1_189' title='bbox 608 999 750 1032; x_wconf 84' lang='lat' dir='ltr'>claritas.</span> 
     </span>
    </p>
   </div>
   <div class='ocr_carea' id='block_1_5' title="bbox 616 1275 1020 1316">
    <p class='ocr_par' dir='ltr' id='par_1_5' title="bbox 616 1275 1020 1316">
     <span class='ocr_line' id='line_1_30' title="bbox 616 1275 1020 1316; baseline -0.005 -8"><span class='ocrx_word' id='word_1_190' title='bbox 616 1275 660 1308; x_wconf 81' lang='grc'>14.</span> <span class='ocrx_word' id='word_1_191' title='bbox 701 1275 802 1316; x_wconf 82' lang='lat' dir='ltr'>Super</span> <span class='ocrx_word' id='word_1_192' title='bbox 821 1275 887 1308; x_wconf 90' lang='lat' dir='ltr'>Ave</span> <span class='ocrx_word' id='word_1_193' title='bbox 908 1275 1020 1308; x_wconf 75' lang='lat' dir='ltr'>Maria.</span> 
     </span>
    </p>
   </div>
   <div class='ocr_carea' id='block_1_6' title="bbox 138 1358 676 1642">
    <p class='ocr_par' dir='ltr' id='par_1_6' title="bbox 138 1358 676 1642">
     <span class='ocr_line' id='line_1_31' title="bbox 138 1358 622 1397; baseline -0.004 -6"><span class='ocrx_word' id='word_1_194' title='bbox 138 1358 168 1392; x_wconf 91' lang='lat'>1.</span> <span class='ocrx_word' id='word_1_195' title='bbox 196 1358 304 1397; x_wconf 88' lang='lat' dir='ltr'>Ave,</span> <span class='ocrx_word' id='word_1_196' title='bbox 331 1361 437 1391; x_wconf 87' lang='lat' dir='ltr'>mater</span> <span class='ocrx_word' id='word_1_197' title='bbox 461 1358 622 1397; x_wconf 79' lang='lat' dir='ltr'>altissimi,</span> 
     </span>
     <span class='ocr_line' id='line_1_32' title="bbox 196 1405 535 1447; baseline 0 -9"><span class='ocrx_word' id='word_1_198' title='bbox 196 1406 247 1438; x_wconf 87' lang='lat' dir='ltr'>Tu</span> <span class='ocrx_word' id='word_1_199' title='bbox 275 1405 389 1439; x_wconf 90' lang='lat' dir='ltr'>civitas</span> <span class='ocrx_word' id='word_1_200' title='bbox 415 1405 535 1447; x_wconf 86' lang='lat' dir='ltr'>refugii</span> 
     </span>
     <span class='ocr_line' id='line_1_33' title="bbox 244 1453 656 1498; baseline 0 -11"><span class='ocrx_word' id='word_1_201' title='bbox 244 1454 300 1487; x_wconf 88' lang='lat' dir='ltr'>Ad</span> <span class='ocrx_word' id='word_1_202' title='bbox 326 1458 360 1487; x_wconf 91' lang='lat' dir='ltr'>te</span> <span class='ocrx_word' id='word_1_203' title='bbox 386 1453 656 1498; x_wconf 86' lang='lat' dir='ltr'>confugientibus,</span> 
     </span>
     <span class='ocr_line' id='line_1_34' title="bbox 197 1503 612 1545; baseline 0 -10"><span class='ocrx_word' id='word_1_204' title='bbox 197 1503 298 1543; x_wconf 76' lang='lat' dir='ltr'>Quam</span> <span class='ocrx_word' id='word_1_205' title='bbox 324 1504 458 1545; x_wconf 85' lang='lat' dir='ltr'>angelus</span> <span class='ocrx_word' id='word_1_206' title='bbox 485 1503 612 1536; x_wconf 86' lang='lat' dir='ltr'>consilii</span> 
     </span>
     <span class='ocr_line' id='line_1_35' title="bbox 195 1552 591 1585; baseline 0 -1"><span class='ocrx_word' id='word_1_207' title='bbox 195 1553 279 1585; x_wconf 89' lang='lat' dir='ltr'>Arte</span> <span class='ocrx_word' id='word_1_208' title='bbox 303 1553 423 1585; x_wconf 85' lang='lat' dir='ltr'>struxit</span> <span class='ocrx_word' id='word_1_209' title='bbox 448 1552 591 1585; x_wconf 88' lang='lat' dir='ltr'>mirabili</span> 
     </span>
     <span class='ocr_line' id='line_1_36' title="bbox 245 1600 676 1642; baseline 0.002 -9"><span class='ocrx_word' id='word_1_210' title='bbox 245 1601 409 1634; x_wconf 85' lang='lat' dir='ltr'>Virtutum</span> <span class='ocrx_word' id='word_1_211' title='bbox 439 1609 478 1633; x_wconf 81' lang='lat' dir='ltr'>ex</span> <span class='ocrx_word' id='word_1_212' title='bbox 501 1600 676 1642; x_wconf 86' lang='lat' dir='ltr'>lapidibus.</span> 
     </span>
    </p>
   </div>
   <div class='ocr_carea' id='block_1_7' title="bbox 135 1678 727 1956">
    <p class='ocr_par' dir='ltr' id='par_1_7' title="bbox 135 1678 727 1956">
     <span class='ocr_line' id='line_1_37' title="bbox 135 1678 622 1720; baseline -0.006 -7"><span class='ocrx_word' id='word_1_213' title='bbox 135 1681 165 1713; x_wconf 86' lang='lat'>2.</span> <span class='ocrx_word' id='word_1_214' title='bbox 193 1678 334 1711; x_wconf 88' lang='lat' dir='ltr'>Maria</span> <span class='ocrx_word' id='word_1_215' title='bbox 354 1678 460 1720; x_wconf 82' lang='lat' dir='ltr'>jaspis</span> <span class='ocrx_word' id='word_1_216' title='bbox 485 1678 622 1720; x_wconf 86' lang='lat' dir='ltr'>gratiae,</span> 
     </span>
     <span class='ocr_line' id='line_1_38' title="bbox 195 1727 637 1768; baseline -0.005 -7"><span class='ocrx_word' id='word_1_217' title='bbox 195 1727 321 1761; x_wconf 88' lang='lat' dir='ltr'>Curans</span> <span class='ocrx_word' id='word_1_218' title='bbox 348 1727 457 1760; x_wconf 87' lang='lat' dir='ltr'>febres</span> <span class='ocrx_word' id='word_1_219' title='bbox 482 1727 637 1768; x_wconf 83' lang='lat' dir='ltr'>malitiae,</span> 
     </span>
     <span class='ocr_line' id='line_1_39' title="bbox 242 1776 622 1816; baseline 0 -8"><span class='ocrx_word' id='word_1_220' title='bbox 242 1776 391 1809; x_wconf 85' lang='lat' dir='ltr'>Parienti</span> <span class='ocrx_word' id='word_1_221' title='bbox 416 1776 622 1816; x_wconf 86' lang='lat' dir='ltr'>subveniens,</span> 
     </span>
     <span class='ocr_line' id='line_1_40' title="bbox 191 1824 688 1870; baseline -0.002 -12"><span class='ocrx_word' id='word_1_222' title='bbox 191 1824 238 1858; x_wconf 92' lang='lat' dir='ltr'>Ut</span> <span class='ocrx_word' id='word_1_223' title='bbox 264 1825 377 1868; x_wconf 87' lang='lat' dir='ltr'>gignat</span> <span class='ocrx_word' id='word_1_224' title='bbox 401 1825 528 1867; x_wconf 87' lang='lat' dir='ltr'>prolem</span> <span class='ocrx_word' id='word_1_225' title='bbox 554 1825 688 1870; x_wconf 76' lang='lat' dir='ltr'>gratiae,</span> 
     </span>
     <span class='ocr_line' id='line_1_41' title="bbox 190 1874 575 1916; baseline -0.003 -9"><span class='ocrx_word' id='word_1_226' title='bbox 190 1874 384 1908; x_wconf 87' lang='lat' dir='ltr'>Phantasias</span> <span class='ocrx_word' id='word_1_227' title='bbox 409 1875 575 1916; x_wconf 87' lang='lat' dir='ltr'>nequitiae</span> 
     </span>
     <span class='ocr_line' id='line_1_42' title="bbox 240 1923 727 1956; baseline 0.002 -1"><span class='ocrx_word' id='word_1_228' title='bbox 240 1924 359 1956; x_wconf 80' lang='lat' dir='ltr'>Procul</span> <span class='ocrx_word' id='word_1_229' title='bbox 384 1933 404 1956; x_wconf 85' lang='lat' dir='ltr'>a</span> <span class='ocrx_word' id='word_1_230' title='bbox 427 1923 524 1956; x_wconf 83' lang='lat' dir='ltr'>nobis</span> <span class='ocrx_word' id='word_1_231' title='bbox 546 1931 727 1956; x_wconf 70' lang='lat' dir='ltr'>removens,</span> 
     </span>
    </p>
   </div>
   <div class='ocr_carea' id='block_1_8' title="bbox 130 2000 718 2281">
    <p class='ocr_par' dir='ltr' id='par_1_8' title="bbox 130 2000 718 2281">
     <span class='ocr_line' id='line_1_43' title="bbox 130 2000 627 2041; baseline -0.004 -6"><span class='ocrx_word' id='word_1_232' title='bbox 130 2004 161 2036; x_wconf 85' lang='lat'>3.</span> <span class='ocrx_word' id='word_1_233' title='bbox 191 2000 349 2034; x_wconf 84' lang='lat' dir='ltr'>Gratia</span> <span class='ocrx_word' id='word_1_234' title='bbox 375 2004 410 2035; x_wconf 86' lang='lat' dir='ltr'>tu</span> <span class='ocrx_word' id='word_1_235' title='bbox 437 2010 471 2033; x_wconf 90' lang='lat' dir='ltr'>es</span> <span class='ocrx_word' id='word_1_236' title='bbox 496 2001 627 2041; x_wconf 84' lang='lat' dir='ltr'>nobiliS,</span> 
     </span>
     <span class='ocr_line' id='line_1_44' title="bbox 190 2050 705 2091; baseline -0.002 -8"><span class='ocrx_word' id='word_1_237' title='bbox 190 2050 307 2091; x_wconf 85' lang='lat' dir='ltr'>Caput,</span> <span class='ocrx_word' id='word_1_238' title='bbox 334 2050 478 2091; x_wconf 83' lang='lat' dir='ltr'>linguam</span> <span class='ocrx_word' id='word_1_239' title='bbox 506 2059 577 2083; x_wconf 89' lang='lat' dir='ltr'>cum</span> <span class='ocrx_word' id='word_1_240' title='bbox 603 2050 705 2082; x_wconf 83' lang='lat' dir='ltr'>oculis</span> 
     </span>
     <span class='ocr_line' id='line_1_45' title="bbox 237 2099 695 2141; baseline -0.002 -9"><span class='ocrx_word' id='word_1_241' title='bbox 237 2099 331 2132; x_wconf 85' lang='lat' dir='ltr'>Sicut</span> <span class='ocrx_word' id='word_1_242' title='bbox 355 2099 508 2141; x_wconf 86' lang='lat' dir='ltr'>saphirus</span> <span class='ocrx_word' id='word_1_243' title='bbox 533 2107 695 2141; x_wconf 84' lang='lat' dir='ltr'>recreans,</span> 
     </span>
     <span class='ocr_line' id='line_1_46' title="bbox 185 2147 718 2182; baseline -0.002 -1"><span class='ocrx_word' id='word_1_244' title='bbox 185 2148 273 2182; x_wconf 89' lang='lat' dir='ltr'>Dum</span> <span class='ocrx_word' id='word_1_245' title='bbox 301 2149 342 2181; x_wconf 93' lang='lat' dir='ltr'>de</span> <span class='ocrx_word' id='word_1_246' title='bbox 367 2152 401 2181; x_wconf 89' lang='lat' dir='ltr'>te</span> <span class='ocrx_word' id='word_1_247' title='bbox 425 2157 516 2182; x_wconf 90' lang='lat' dir='ltr'>mens</span> <span class='ocrx_word' id='word_1_248' title='bbox 542 2147 580 2182; x_wconf 90' lang='lat' dir='ltr'>fit</span> <span class='ocrx_word' id='word_1_249' title='bbox 603 2148 718 2181; x_wconf 90' lang='lat' dir='ltr'>hilaris</span> 
     </span>
     <span class='ocr_line' id='line_1_47' title="bbox 184 2197 510 2231; baseline -0.003 0"><span class='ocrx_word' id='word_1_250' title='bbox 184 2198 232 2231; x_wconf 85' lang='lat' dir='ltr'>Et</span> <span class='ocrx_word' id='word_1_251' title='bbox 256 2197 342 2231; x_wconf 82' lang='lat' dir='ltr'>ratio</span> <span class='ocrx_word' id='word_1_252' title='bbox 368 2197 510 2231; x_wconf 82' lang='lat' dir='ltr'>affabilis</span> 
     </span>
     <span class='ocr_line' id='line_1_48' title="bbox 236 2246 716 2281; baseline -0.002 0"><span class='ocrx_word' id='word_1_253' title='bbox 236 2247 391 2281; x_wconf 89' lang='lat' dir='ltr'>Obtutum</span> <span class='ocrx_word' id='word_1_254' title='bbox 418 2256 547 2281; x_wconf 86' lang='lat' dir='ltr'>sursum</span> <span class='ocrx_word' id='word_1_255' title='bbox 574 2246 716 2280; x_wconf 90' lang='lat' dir='ltr'>elevans.</span> 
     </span>
    </p>
   </div>
   <div class='ocr_carea' id='block_1_9' title="bbox 123 2324 678 2467">
    <p class='ocr_par' dir='ltr' id='par_1_9' title="bbox 123 2324 678 2467">
     <span class='ocr_line' id='line_1_49' title="bbox 123 2324 678 2367; baseline -0.007 -6"><span class='ocrx_word' id='word_1_256' title='bbox 123 2327 158 2361; x_wconf 79' lang='lat'>4.</span> <span class='ocrx_word' id='word_1_257' title='bbox 186 2326 323 2360; x_wconf 88' lang='lat' dir='ltr'>Plena</span> <span class='ocrx_word' id='word_1_258' title='bbox 350 2326 443 2359; x_wconf 88' lang='lat' dir='ltr'>donis</span> <span class='ocrx_word' id='word_1_259' title='bbox 471 2324 678 2367; x_wconf 80' lang='lat' dir='ltr'>coelestibus,</span> 
     </span>
     <span class='ocr_line' id='line_1_50' title="bbox 183 2375 598 2409; baseline -0.005 0"><span class='ocrx_word' id='word_1_260' title='bbox 183 2375 239 2409; x_wconf 89' lang='lat' dir='ltr'>Ad</span> <span class='ocrx_word' id='word_1_261' title='bbox 265 2379 298 2408; x_wconf 91' lang='lat' dir='ltr'>te</span> <span class='ocrx_word' id='word_1_262' title='bbox 323 2377 361 2408; x_wconf 87' lang='lat' dir='ltr'>ut</span> <span class='ocrx_word' id='word_1_263' title='bbox 386 2376 598 2409; x_wconf 88' lang='lat' dir='ltr'>chaledonius</span> 
     </span>
     <span class='ocr_line' id='line_1_51' title="bbox 232 2424 655 2467; baseline -0.005 -8"><span class='ocrx_word' id='word_1_264' title='bbox 232 2424 351 2459; x_wconf 88' lang='lat' dir='ltr'>Trahis</span> <span class='ocrx_word' id='word_1_265' title='bbox 376 2424 499 2459; x_wconf 87' lang='lat' dir='ltr'>inferni</span> <span class='ocrx_word' id='word_1_266' title='bbox 530 2424 655 2467; x_wconf 83' lang='lat' dir='ltr'>paleaS,</span> 
     </span>
    </p>
   </div>
   <div class='ocr_carea' id='block_1_10' title="bbox 839 2177 870 2210">
    <p class='ocr_par' dir='ltr' id='par_1_10' title="bbox 839 2177 870 2210">
     <span class='ocr_line' id='line_1_52' title="bbox 839 2177 870 2210; baseline 0 0"><span class='ocrx_word' id='word_1_267' title='bbox 839 2177 870 2210; x_wconf 84' lang='lat'>7.</span> 
     </span>
    </p>
   </div>
   <div class='ocr_carea' id='block_1_11' title="bbox 903 1356 1406 1488">
    <p class='ocr_par' dir='ltr' id='par_1_11' title="bbox 903 1356 1406 1488">
     <span class='ocr_line' id='line_1_53' title="bbox 903 1356 1319 1390; baseline -0.002 0"><span class='ocrx_word' id='word_1_268' title='bbox 903 1358 953 1390; x_wconf 89' lang='lat' dir='ltr'>Tu</span> <span class='ocrx_word' id='word_1_269' title='bbox 978 1357 1081 1389; x_wconf 88' lang='lat' dir='ltr'>vincis</span> <span class='ocrx_word' id='word_1_270' title='bbox 1104 1357 1138 1388; x_wconf 93' lang='lat' dir='ltr'>in</span> <span class='ocrx_word' id='word_1_271' title='bbox 1164 1356 1319 1390; x_wconf 85' lang='lat' dir='ltr'>fidelibus</span> 
     </span>
     <span class='ocr_line' id='line_1_54' title="bbox 905 1405 1337 1446; baseline -0.002 -7"><span class='ocrx_word' id='word_1_272' title='bbox 905 1405 1008 1439; x_wconf 89' lang='lat' dir='ltr'>Causa</span> <span class='ocrx_word' id='word_1_273' title='bbox 1034 1406 1081 1438; x_wconf 91' lang='lat' dir='ltr'>tui</span> <span class='ocrx_word' id='word_1_274' title='bbox 1107 1405 1337 1446; x_wconf 86' lang='lat' dir='ltr'>pugnantibus,</span> 
     </span>
     <span class='ocr_line' id='line_1_55' title="bbox 950 1453 1406 1488; baseline -0.002 -1"><span class='ocrx_word' id='word_1_275' title='bbox 950 1453 997 1488; x_wconf 85' lang='lat' dir='ltr'>Ut</span> <span class='ocrx_word' id='word_1_276' title='bbox 1021 1464 1080 1487; x_wconf 88' lang='lat' dir='ltr'>nos</span> <span class='ocrx_word' id='word_1_277' title='bbox 1106 1454 1247 1487; x_wconf 84' lang='lat' dir='ltr'>victores</span> <span class='ocrx_word' id='word_1_278' title='bbox 1273 1454 1406 1487; x_wconf 89' lang='lat' dir='ltr'>habeas.</span> 
     </span>
    </p>
   </div>
   <div class='ocr_carea' id='block_1_12' title="bbox 868 1529 1369 1566">
    <p class='ocr_par' dir='ltr' id='par_1_12' title="bbox 868 1529 1369 1566">
     <span class='ocr_line' id='line_1_56' title="bbox 868 1529 1369 1566; baseline -0.006 0"><span class='ocrx_word' id='word_1_279' title='bbox 868 1558 876 1566; x_wconf 87' lang='lat'>.</span> <span class='ocrx_word' id='word_1_280' title='bbox 902 1532 1112 1565; x_wconf 84' lang='lat' dir='ltr'>Dominus</span> <span class='ocrx_word' id='word_1_281' title='bbox 1138 1534 1226 1564; x_wconf 87' lang='lat' dir='ltr'>tuam</span> <span class='ocrx_word' id='word_1_282' title='bbox 1253 1529 1369 1564; x_wconf 78' lang='lat' dir='ltr'>faciem</span> 
     </span>
    </p>
   </div>
   <div class='ocr_carea' id='block_1_13' title="bbox 902 1580 1411 1815">
    <p class='ocr_par' dir='ltr' id='par_1_13' title="bbox 902 1580 1411 1815">
     <span class='ocr_line' id='line_1_57' title="bbox 904 1580 1411 1621; baseline -0.008 -5"><span class='ocrx_word' id='word_1_283' title='bbox 904 1582 951 1616; x_wconf 90' lang='lat' dir='ltr'>Ut</span> <span class='ocrx_word' id='word_1_284' title='bbox 974 1581 1008 1612; x_wconf 92' lang='lat' dir='ltr'>in</span> <span class='ocrx_word' id='word_1_285' title='bbox 1035 1581 1243 1621; x_wconf 85' lang='lat' dir='ltr'>smaragdum</span> <span class='ocrx_word' id='word_1_286' title='bbox 1267 1580 1411 1613; x_wconf 89' lang='lat' dir='ltr'>nobilem</span> 
     </span>
     <span class='ocr_line' id='line_1_58' title="bbox 950 1629 1375 1673; baseline -0.005 -9"><span class='ocrx_word' id='word_1_287' title='bbox 950 1631 989 1664; x_wconf 86' lang='lat' dir='ltr'>In</span> <span class='ocrx_word' id='word_1_288' title='bbox 1015 1632 1049 1662; x_wconf 89' lang='lat' dir='ltr'>te</span> <span class='ocrx_word' id='word_1_289' title='bbox 1073 1629 1220 1670; x_wconf 87' lang='lat' dir='ltr'>respexit</span> <span class='ocrx_word' id='word_1_290' title='bbox 1246 1629 1375 1673; x_wconf 85' lang='lat' dir='ltr'>clarius,</span> 
     </span>
     <span class='ocr_line' id='line_1_59' title="bbox 903 1678 1345 1719; baseline -0.002 -8"><span class='ocrx_word' id='word_1_291' title='bbox 903 1678 964 1718; x_wconf 82' lang='lat' dir='ltr'>Qui</span> <span class='ocrx_word' id='word_1_292' title='bbox 989 1678 1073 1719; x_wconf 89' lang='lat' dir='ltr'>lapis</span> <span class='ocrx_word' id='word_1_293' title='bbox 1099 1679 1212 1711; x_wconf 84' lang='lat' dir='ltr'>reddit</span> <span class='ocrx_word' id='word_1_294' title='bbox 1236 1686 1345 1711; x_wconf 85' lang='lat' dir='ltr'>aerem</span> 
     </span>
     <span class='ocr_line' id='line_1_60' title="bbox 902 1727 1276 1767; baseline -0.005 -6"><span class='ocrx_word' id='word_1_295' title='bbox 902 1727 966 1761; x_wconf 87' lang='lat' dir='ltr'>Suo</span> <span class='ocrx_word' id='word_1_296' title='bbox 994 1728 1101 1760; x_wconf 87' lang='lat' dir='ltr'>colore</span> <span class='ocrx_word' id='word_1_297' title='bbox 1126 1727 1276 1767; x_wconf 86' lang='lat' dir='ltr'>viridem,</span> 
     </span>
     <span class='ocr_line' id='line_1_61' title="bbox 952 1775 1386 1815; baseline -0.005 -6"><span class='ocrx_word' id='word_1_298' title='bbox 952 1775 1017 1809; x_wconf 86' lang='lat' dir='ltr'>Sed</span> <span class='ocrx_word' id='word_1_299' title='bbox 1043 1778 1079 1808; x_wconf 91' lang='lat' dir='ltr'>tu</span> <span class='ocrx_word' id='word_1_300' title='bbox 1104 1776 1206 1808; x_wconf 90' lang='lat' dir='ltr'>multo</span> <span class='ocrx_word' id='word_1_301' title='bbox 1238 1775 1386 1815; x_wconf 84' lang='lat' dir='ltr'>amplius.</span> 
     </span>
    </p>
   </div>
   <div class='ocr_carea' id='block_1_14' title="bbox 897 1852 1408 2132">
    <p class='ocr_par' dir='ltr' id='par_1_14' title="bbox 897 1852 1408 2132">
     <span class='ocr_line' id='line_1_62' title="bbox 898 1852 1392 1894; baseline -0.004 -7"><span class='ocrx_word' id='word_1_302' title='bbox 898 1854 1054 1887; x_wconf 87' lang='lat' dir='ltr'>Tecum</span> <span class='ocrx_word' id='word_1_303' title='bbox 1079 1852 1246 1894; x_wconf 87' lang='lat' dir='ltr'>sardonyx</span> <span class='ocrx_word' id='word_1_304' title='bbox 1273 1853 1392 1893; x_wconf 90' lang='lat' dir='ltr'>varius,</span> 
     </span>
     <span class='ocr_line' id='line_1_63' title="bbox 899 1901 1347 1945; baseline -0.002 -10"><span class='ocrx_word' id='word_1_305' title='bbox 899 1903 1012 1945; x_wconf 84' lang='lat' dir='ltr'>Niger,</span> <span class='ocrx_word' id='word_1_306' title='bbox 1041 1902 1133 1934; x_wconf 88' lang='lat' dir='ltr'>albus</span> <span class='ocrx_word' id='word_1_307' title='bbox 1160 1904 1191 1933; x_wconf 90' lang='lat' dir='ltr'>et</span> <span class='ocrx_word' id='word_1_308' title='bbox 1217 1901 1347 1942; x_wconf 88' lang='lat' dir='ltr'>rubeus,</span> 
     </span>
     <span class='ocr_line' id='line_1_64' title="bbox 950 1951 1408 1992; baseline -0.002 -7"><span class='ocrx_word' id='word_1_309' title='bbox 950 1951 1037 1985; x_wconf 91' lang='lat' dir='ltr'>Tuas</span> <span class='ocrx_word' id='word_1_310' title='bbox 1064 1952 1201 1984; x_wconf 86' lang='lat' dir='ltr'>virtutes</span> <span class='ocrx_word' id='word_1_311' title='bbox 1227 1951 1408 1992; x_wconf 86' lang='lat' dir='ltr'>praedicat.</span> 
     </span>
     <span class='ocr_line' id='line_1_65' title="bbox 897 2000 1368 2043; baseline -0.004 -9"><span class='ocrx_word' id='word_1_312' title='bbox 897 2000 1044 2043; x_wconf 83' lang='lat' dir='ltr'>Nigredo</span> <span class='ocrx_word' id='word_1_313' title='bbox 1070 2008 1197 2041; x_wconf 88' lang='lat' dir='ltr'>pauper</span> <span class='ocrx_word' id='word_1_314' title='bbox 1221 2000 1368 2041; x_wconf 90' lang='lat' dir='ltr'>spiritus,</span> 
     </span>
     <span class='ocr_line' id='line_1_66' title="bbox 897 2049 1388 2090; baseline -0.004 -7"><span class='ocrx_word' id='word_1_315' title='bbox 897 2049 1092 2090; x_wconf 88' lang='lat' dir='ltr'>Candorque</span> <span class='ocrx_word' id='word_1_316' title='bbox 1118 2053 1226 2081; x_wconf 88' lang='lat' dir='ltr'>castus</span> <span class='ocrx_word' id='word_1_317' title='bbox 1252 2049 1388 2090; x_wconf 88' lang='lat' dir='ltr'>animus,</span> 
     </span>
     <span class='ocr_line' id='line_1_67' title="bbox 947 2098 1379 2132; baseline -0.005 -1"><span class='ocrx_word' id='word_1_318' title='bbox 947 2098 1012 2132; x_wconf 88' lang='lat' dir='ltr'>Sed</span> <span class='ocrx_word' id='word_1_319' title='bbox 1039 2101 1113 2131; x_wconf 90' lang='lat' dir='ltr'>tuus</span> <span class='ocrx_word' id='word_1_320' title='bbox 1140 2107 1231 2131; x_wconf 86' lang='lat' dir='ltr'>amor</span> <span class='ocrx_word' id='word_1_321' title='bbox 1256 2098 1379 2130; x_wconf 84' lang='lat' dir='ltr'>rutilat.</span> 
     </span>
    </p>
   </div>
   <div class='ocr_carea' id='block_1_15' title="bbox 898 2175 1448 2463">
    <p class='ocr_par' dir='ltr' id='par_1_15' title="bbox 898 2175 1448 2463">
     <span class='ocr_line' id='line_1_68' title="bbox 898 2175 1364 2219; baseline -0.006 -9"><span class='ocrx_word' id='word_1_322' title='bbox 898 2176 1145 2210; x_wconf 87' lang='lat' dir='ltr'>Benedicta</span> <span class='ocrx_word' id='word_1_323' title='bbox 1170 2185 1190 2208; x_wconf 90' lang='lat' dir='ltr'>a</span> <span class='ocrx_word' id='word_1_324' title='bbox 1214 2175 1364 2219; x_wconf 86' lang='lat' dir='ltr'>Domino,</span> 
     </span>
     <span class='ocr_line' id='line_1_69' title="bbox 898 2224 1238 2266; baseline -0.003 -8"><span class='ocrx_word' id='word_1_325' title='bbox 898 2225 1091 2258; x_wconf 89' lang='lat' dir='ltr'>Assimilata</span> <span class='ocrx_word' id='word_1_326' title='bbox 1116 2224 1238 2266; x_wconf 89' lang='lat' dir='ltr'>sardio,</span> 
     </span>
     <span class='ocr_line' id='line_1_70' title="bbox 949 2273 1428 2318; baseline 0 -12"><span class='ocrx_word' id='word_1_327' title='bbox 949 2274 1009 2315; x_wconf 83' lang='lat' dir='ltr'>Qui</span> <span class='ocrx_word' id='word_1_328' title='bbox 1034 2277 1122 2307; x_wconf 85' lang='lat' dir='ltr'>totus</span> <span class='ocrx_word' id='word_1_329' title='bbox 1150 2275 1199 2306; x_wconf 88' lang='lat' dir='ltr'>est</span> <span class='ocrx_word' id='word_1_330' title='bbox 1223 2273 1428 2318; x_wconf 75' lang='lat' dir='ltr'>sanguineus,</span> 
     </span>
     <span class='ocr_line' id='line_1_71' title="bbox 899 2323 1326 2364; baseline -0.002 -7"><span class='ocrx_word' id='word_1_331' title='bbox 899 2324 954 2358; x_wconf 87' lang='lat' dir='ltr'>Sic</span> <span class='ocrx_word' id='word_1_332' title='bbox 978 2323 1109 2356; x_wconf 84' lang='lat' dir='ltr'>interna</span> <span class='ocrx_word' id='word_1_333' title='bbox 1135 2323 1326 2364; x_wconf 85' lang='lat' dir='ltr'>compassio,</span> 
     </span>
     <span class='ocr_line' id='line_1_72' title="bbox 899 2370 1353 2416; baseline -0.004 -10"><span class='ocrx_word' id='word_1_334' title='bbox 899 2374 968 2414; x_wconf 72' lang='lat' dir='ltr'>Qua</span> <span class='ocrx_word' id='word_1_335' title='bbox 991 2382 1090 2414; x_wconf 88' lang='lat' dir='ltr'>passa</span> <span class='ocrx_word' id='word_1_336' title='bbox 1116 2381 1149 2405; x_wconf 92' lang='lat' dir='ltr'>es</span> <span class='ocrx_word' id='word_1_337' title='bbox 1176 2382 1247 2405; x_wconf 84' lang='lat' dir='ltr'>cum</span> <span class='ocrx_word' id='word_1_338' title='bbox 1273 2370 1353 2416; x_wconf 84' lang='lat' dir='ltr'>filio,</span> 
     </span>
     <span class='ocr_line' id='line_1_73' title="bbox 945 2422 1448 2463; baseline 0.004 -8"><span class='ocrx_word' id='word_1_339' title='bbox 945 2422 1117 2456; x_wconf 82' lang='lat' dir='ltr'>Laudatur</span> <span class='ocrx_word' id='word_1_340' title='bbox 1141 2430 1213 2455; x_wconf 83' lang='lat' dir='ltr'>cum</span> <span class='ocrx_word' id='word_1_341' title='bbox 1238 2422 1448 2463; x_wconf 72' lang='lat' dir='ltr'>martyribus,</span> 
     </span>
    </p>
   </div>
  </div>
 </body>
</html>
