1656 2674
145 192 225 227 154.
251 192 363 234 Esque
388 192 538 234 panifica‚

298 250 358 283 per
384 250 480 282 quam
507 241 676 275 conficitur

253 291 319 324 Hie
344 291 449 332 panis,
476 290 585 323 anima

300 348 363 381 quo
390 340 526 372 credens
551 340 661 382 alitur,

255 388 390 428 Quando
414 388 526 429 inopia

297 436 454 469 virtutum
478 437 647 479 premitur,

251 485 312 518 Vel
339 493 409 516 cum
436 494 456 517 a
479 484 606 527 perfido

298 535 394 566 hoste
417 534 635 574 persequitur.

143 586 222 621 155.
250 587 301 620 Tu
326 585 448 620 Sorech
472 589 569 620 vinea

299 644 333 668 es
359 634 570 673 fertilissima,

249 685 319 724 Qua
344 684 419 717 vitis
445 688 518 717 orta
544 687 592 716 est

298 732 573 771 benedictissima,

248 781 403 814 Fundens
428 780 580 814 fidelibus

298 829 375 862 vina
399 830 600 870 suavissima,

250 877 372 917 Quibus
397 878 540 911 inebrias

299 935 409 959 eorum
433 928 557 960 intima.

142 984 223 1018 156.
250 985 310 1026 Tu,
338 985 439 1026 virgo,
467 985 595 1026 requies

297 1041 330 1065 es
356 1033 573 1065 laborantium

248 1082 294 1114 Et
320 1082 496 1114 consolatio

299 1129 398 1162 corde
422 1130 643 1173 moerentium,

249 1179 302 1212 Ab
330 1181 421 1210 aestu
448 1186 563 1210 carneo

295 1227 339 1259 sis
365 1224 571 1267 refrigerium

248 1276 359 1316 Atque
383 1274 557 1315 superbiae

298 1326 366 1355 esto
392 1324 574 1364 repudium.

140 1380 221 1415 157.
250 1381 300 1414 Tu
324 1381 425 1413 turris
449 1381 484 1413 in
510 1380 598 1422 Sion,

298 1438 370 1462 cum
394 1431 647 1471 propugnaculis

243 1478 373 1511 Munita
398 1477 547 1518 fortibus,

295 1527 382 1559 hosti
406 1527 575 1565 terribilis,

247 1575 344 1616 Cujus
371 1574 549 1608 fortissima

295 1624 421 1656 resistis
447 1624 592 1668 spiculis,

247 1672 325 1706 Cum
352 1673 417 1705 tuis
442 1673 594 1713 precibus

295 1722 457 1754 succurris
484 1721 636 1755 credulis.

139 1780 220 1815 158.
248 1780 297 1812 Tu
325 1780 504 1812 cancellum
530 1788 574 1820 es,

291 1837 352 1870 per
377 1829 463 1869 quod
489 1828 695 1869 resplenduit

245 1879 350 1912 Verus
374 1877 521 1917 justitiae

293 1926 353 1968 sol,
382 1935 453 1960 cum
477 1926 619 1959 innotuit

243 1976 283 2008 In
308 1975 422 2008 mundi
447 1974 596 2016 partibus

292 2033 363 2059 cum
391 2032 521 2057 carnem
544 2024 661 2066 induit,

242 2074 281 2107 In
307 2082 371 2115 qua
395 2072 579 2106 hominibus

294 2121 438 2155 solamen
464 2121 626 2163 praebuit,

133 2181 213 2217 159.
241 2181 292 2214 Tu
316 2180 553 2223 prophetarum
580 2189 612 2213 es

289 2239 442 2263 canorum
473 2239 639 2273 organum,

239 2279 475 2321 Apostolorum

289 2328 463 2370 registrum
489 2328 639 2362 inclitum

237 2378 283 2412 Et
301 2387 378 2412 rosa
401 2381 594 2420 martyrum,

288 2427 477 2461 credentum
503 2428 682 2473 speculum,

842 305 922 339 160.

844 782 922 817 161.

840 1178 920 1213 162.

840 1576 921 1611 163.

838 1976 918 2010 164.

834 2379 915 2414 165.

951 197 1002 230 Ac
1026 198 1212 239 primiceria

1000 252 1185 281 sanctarum
1210 246 1382 289 virginum.

951 304 1141 338 Sanctorum
1167 307 1307 338 omnium

997 354 1102 387 honor
1128 357 1160 386 et
1185 355 1297 395 gloria,

953 402 1014 442 Qui
1038 403 1108 435 Deo
1127 403 1268 443 jubilant

998 452 1032 484 in
1059 452 1141 485 coeli
1165 453 1283 492 patria,

949 500 1035 539 Mea,
1063 504 1096 533 te
1123 500 1290 540 deprecor,

999 551 1134 589 peccata
1158 549 1269 589 pallia,

950 597 989 630 In
1015 598 1101 630 vitae
1126 598 1264 630 termino

999 646 1043 678 sis
1069 645 1148 678 mihi
1174 647 1299 686 propia.

959 721 1168 759 Capitulum
1193 731 1205 750 ·.
1213 725 1294 751 etav
1300 731 1363 750 um.

950 781 1026 823 Fili,
1052 791 1093 814 ne
1118 784 1242 814 metuas

998 833 1030 862 te
1056 839 1218 870 nunquam
1246 831 1402 871 deseram,

949 879 1083 920 Tuoque
1109 879 1199 919 operi

996 927 1180 959 mercedem
1206 926 1347 970 afferam,

947 974 1035 1016 Ergo
1064 976 1104 1008 de
1130 978 1247 1018 cetero,

993 1033 1046 1056 me
1071 1032 1147 1064 agas
1172 1032 1353 1064 perperam,

947 1072 1032 1104 Nam
1057 1073 1121 1105 cito
1149 1072 1272 1104 <leseret

995 1120 1079 1153 hane
1102 1120 1203 1152 vitam
1225 1121 1388 1153 miseram.

946 1178 1042 1210 Nunc
1066 1186 1118 1210 me
1143 1179 1320 1218 respiciens

995 1226 1176 1259 scintillans
1202 1227 1302 1259 oeulis

946 1274 1004 1307 Me
1028 1274 1223 1307 benedicere

999 1324 1107 1364 coepit.
1134 1323 1289 1364 digitulis,

948 1371 1088 1405 Dicens:
1115 1371 1165 1403 Tu
1189 1372 1275 1404 liber
1301 1371 1344 1403 sis

996 1420 1120 1452 cunctis
1145 1420 1299 1460 periculis

947 1468 1061 1501 Donec
1084 1469 1253 1510 regrediar

999 1526 1070 1549 cum
1096 1518 1217 1550 sanetis
1244 1516 1378 1559 angelis.

952 1576 1020 1616 Quo
1048 1576 1134 1608 dicto
1162 1575 1251 1608 citius

996 1633 1137 1666 superna
1164 1625 1293 1664 agmina

947 1675 1140 1707 Condueunt
1164 1673 1322 1714 virginem

997 1722 1040 1754 ad
1068 1721 1149 1754 coeli
1175 1722 1324 1761 culmina,

947 1772 1011 1804 Ast
1037 1780 1094 1812 ego
1120 1770 1233 1802 anxius

996 1820 1085 1852 erexi
1110 1818 1242 1851 lumina.

945 1868 1066 1901 Dicens
1092 1865 1264 1900 flebiliter:

995 1917 1020 1950 Ο
1049 1917 1153 1950 dulcis
1182 1916 1330 1949 dominal

947 1975 1013 2009 Gur
1037 1985 1089 2008 me
1114 1976 1346 2016 pauperculum

993 2027 1060 2057 tam
1087 2024 1150 2057 cito
1178 2024 1310 2065 deseris,

944 2074 984 2107 In
1009 2074 1071 2107 hoc
1096 2073 1209 2106 exsilio

993 2123 1142 2164 linquens
1171 2131 1242 2154 cum
1268 2121 1419 2154 miseris?

945 2171 1003 2204 Me
1027 2180 1144 2213 precor
1173 2172 1301 2204 vinculo

994 2221 1134 2254 solutum
1155 2221 1300 2261 corporis

943 2270 1065 2302 Tecum
1087 2270 1227 2311 recipias

992 2321 1184 2352 connectens
1210 2318 1347 2361 superis.

941 2378 1016 2411 Heu
1041 2388 1093 2411 me
1118 2378 1345 2423 miserrimum⁷

991 2437 1048 2461 cur
1073 2430 1199 2461 tantum
1224 2428 1324 2470 tepui,
