1656 2674
698 54 963 90 —148-

245 151 284 183 In
310 153 415 183 morte
439 151 598 191 celeriter,
945 152 1103 184 Vitiorum
1130 149 1240 181 scabie

295 198 356 232 Pia
380 201 493 239 mater,
520 199 606 240 veni,
994 198 1150 239 Turpiter
1175 196 1334 239 foedatos,

244 246 300 280 Ad
325 248 430 279 coelos
456 246 612 279 velociter
944 248 990 280 Et
1014 247 1062 278 sic
1087 244 1311 286 indulgentiae

290 295 364 327 Duc
387 304 440 326 me
465 295 565 328 ductu
588 296 666 329 leni.
990 295 1086 328 Dono
1111 296 1293 334 reparatos,

943 345 1022 377 Post
1044 351 1104 383 per
1131 342 1250 374 donum
1273 341 1404 382 gratiae

159 353 215 388 19.
243 350 415 393 Templum
441 354 667 397 conscientiae,
991 391 1061 424 Fac
1084 399 1143 424 nos
1170 391 1316 423 oculatos

291 401 360 440 Qua
385 400 567 434 consistunt
593 403 721 443 cuncta,

243 447 301 481 Cui
326 448 359 479 in
385 457 484 489 regno
509 450 633 491 gloriae
859 457 914 489 22.
942 452 1049 489 Yesse
1074 452 1194 486 florens
1222 452 1359 495 virgula,

289 496 391 529 Modo
418 505 451 528 es
483 499 663 539 conjuncta,
989 502 1124 535 Florem
1149 504 1228 533 tunc
1252 500 1386 539 misisti,

240 543 389 577 Foedere
412 545 605 578 concordiae
942 549 1170 592 paranympho
1198 548 1333 582 credula

290 592 398 626 Corda
420 592 500 625 mihi
521 594 635 633 juncta
991 599 1125 641 Quando
1153 597 1331 638 concepisti

238 640 279 672 In
302 640 390 673 valle
411 640 564 673 miseriae
942 648 1056 682 Carnis
1082 648 1205 687 absque
1229 646 1359 678 macula

289 688 405 721 Serves
433 692 465 721 et
492 688 653 722 defuncta.
991 696 1116 736 Corpus
1142 696 1222 729 Jesu
1249 693 1383 735 Christi,

154 747 211 780 20.
238 743 309 779 Vas
335 747 485 780 coelestis
510 747 635 788 gratiae
943 744 1132 777 Gratiarum
1155 743 1279 784 pabula

284 796 413 835 Vasque
437 796 580 837 pietatis,
989 792 1043 825 Sic
1068 791 1161 825 nobis
1188 791 1318 825 dedisti.

237 843 372 885 Semper
397 844 483 876 Omni
509 844 619 898 ΞΡΘῩῘΘ
856 855 912 888 23.
940 852 1088 889 Zelotem
1113 855 1272 896 propities

286 891 407 925 Carens
433 891 614 934 fOedi‘ta'flS,
988 905 1131 946 Patrem,
1158 908 1281 943 natum,
1308 902 1442 945 flamen,

237 939 324 972 Onus
350 943 382 972 θ’(
407 941 562 973 'tristitiae
938 952 1078 985 Laesum
1101 951 1258 985 infinities

285 989 428 1021 NOSU‘ae
453 989 623 1029 gTaVi‘tfifiS
989 1001 1112 1041 eulpae
1136 1009 1197 1041 per
1222 1004 1379 1041 atramen’

238 1036 315 1070 Oleo
340 1037 486 1069 laetitiae
507 1037 595 1078 pelle
937 1049 983 1082 Et
1006 1050 1054 1082 sta
1078 1059 1131 1082 me
1155 1058 1299 1090 repares,

286 1085 364 1118 Cum
390 1087 545 1125 peccatis·
974 1097 1023 1131 Ut
1044 1101 1122 1138 post
1141 1098 1341 1138 judicatum,

152 1143 207 1177 21.
235 1139 350 1176 anto
375 1144 444 1184 regi
469 1144 601 1184 gloriae,
939 1145 1053 1179 Coetui
1078 1156 1130 1179 me
1159 1147 1263 1179 socies

282 1190 399 1223 Servos
424 1192 528 1224 redde
552 1195 673 1234 gratos,
983 1193 1236 1228 Servandorum.
1284 1196 1401 1227 Amen.

231 1246 312 1275 Orat.
338 1256 392 1275 ms,
420 1249 618 1285 Tegrinsense
650 1258 726 1277 saec.
756 1249 800 1279 15.
824 1250 896 1278 Clm.
918 1251 1036 1279 Monac.
1065 1249 1174 1280 19824.
1199 1252 1251 1280 ful.
1279 1250 1315 1279 65
1342 1253 1371 1280 b,
1400 1250 1436 1278 A.
1459 1265 1500 1270 ——

150 1285 230 1314 Orat.
252 1295 305 1314 ms.
327 1287 454 1323 Tagi-ins
468 1296 527 1315 *nse
544 1295 621 1316 saec.
645 1288 689 1317 15.
713 1288 778 1317 Clm
797 1289 916 1318 Monac.
940 1287 1049 1319 19353.
1072 1290 1123 1319 sol.
1143 1288 1181 1318 41
1203 1291 1233 1319 b.
1257 1290 1290 1318 B.

643 1374 695 1406 46.
718 1373 931 1406 Abecedarius
954 1374 980 1406 6.

174 1432 207 1465 1.
234 1429 291 1465 Aa
314 1433 470 1466 honorem
495 1434 634 1468 nominis
936 1436 1068 1469 Adveni
1093 1437 1244 1470 celeriter

281 1480 352 1520 Tui,
381 1490 399 1513 o
424 1482 543 1527 Maria,
982 1486 1021 1518 ln
1047 1485 1127 1518 hora
1154 1488 1309 1526 extrema,

232 1529 445 1563 Jucundabor
470 1531 622 1563 carminis
933 1532 1064 1566 Ducens
1092 1543 1144 1566 me
1169 1534 1312 1567 feliciter

279 1578 385 1619 Hujus
409 1580 611 1622 symphonia,
980 1582 1036 1615 Ad
1063 1583 1145 1615 coeli
1170 1591 1334 1624 suprema.

234 1624 353 1659 Causas
377 1630 413 1659 tu
440 1627 636 1661 discriminis
872 1636 906 1668 4,
934 1632 998 1668 Dei
1022 1636 1182 1677 unigeniti

278 1673 421 1708 Auferas
449 1676 489 1709 de
514 1677 577 1716 via,
979 1684 1092 1717 Mater
1116 1685 1302 1726 benedicta,

230 1722 282 1754 Ne
305 1732 358 1755 me
382 1723 468 1757 forte
495 1725 659 1758 daemonis
932 1732 1060 1765 Poenas
1086 1733 1155 1766 nati
1179 1734 1287 1766 incliti

277 1771 402 1805 Turbet
425 1773 610 1814 phantasia.
982 1781 1126 1815 Cernens
1153 1782 1321 1823 derelicta7

171 1825 202 1857 2.
229 1820 375 1858 Balsami
399 1829 435 1858 tu
460 1826 597 1868 virgula,
931 1828 1026 1863 Dono
1052 1831 1099 1862 tui
1124 1832 1246 1872 meriti,

274 1873 420 1907 Balsami
446 1876 605 1916 coelestis,
981 1880 1049 1919 Quo
1075 1878 1180 1921 fulges
1206 1880 1348 1923 depicta,

227 1921 366 1955 Pellitur
391 1932 453 1964 quo
479 1924 607 1957 macula
931 1926 1001 1959 Mei
1027 1928 1139 1968 culpas
1167 1928 1271 1962 debiti

273 1971 434 2004 Mentium
462 1975 494 2004 et
518 1973 631 2015 pestis,
979 1975 1094 2009 Solvas
1120 1977 1173 2010 vel
1201 1977 1332 2010 delicta.

226 2019 332 2053 Indue
353 2029 406 2052 me
431 2021 547 2054 sedula
872 2030 903 2063 5,
930 2025 1011 2070 Egri
1037 2030 1198 2063 recreatio

274 2068 424 2101 Moribus
449 2071 605 2109 honestiS,
979 2078 1027 2110 Es
1054 2080 1087 2110 et
1112 2078 1342 2121 orphanorum,

227 2115 287 2155 Qui
313 2120 449 2157 propter
474 2118 603 2158 piacula
929 2125 999 2158 Hos
1021 2127 1141 2167 juvans
1166 2127 1283 2159 solatio

273 2164 396 2198 Factus
421 2176 491 2199 sum
517 2168 666 2209 agrestis.
979 2174 1154 2209 Munerum
1179 2177 1319 2216 tuorum,

166 2218 197 2250 3.
227 2213 337 2251 colam
362 2221 396 2250 te
421 2218 584 2252 subtiliter
929 2221 1164 2254 Reconciliatio

273 2265 337 2298 Per
361 2266 450 2299 istud
475 2277 602 2311 poema,
978 2270 1129 2301 Meorum
1154 2277 1303 2302 carorum

225 2313 326 2347 Ornat
350 2314 562 2349 laudabiliter
925 2317 1008 2350 Esto
1035 2320 1066 2349 et
1092 2318 1230 2350 salvatio

273 2363 375 2403 Quam
400 2364 512 2405 regale
535 2365 675 2406 schema,
973 2365 1076 2398 Modo
1105 2363 1344 2402 defunctorum.
