1656 2674
89 337 145 371 11.

94 791 150 824 12.

101 1291 157 1325 13.

102 1793 157 1828 14.

177 123 283 165 salve,
304 130 399 162 quain
416 120 584 152 beatorum
603 117 715 150 concio

172 170 302 203 Summo
311 169 428 202 mentis
439 168 552 200 laudat
558 165 713 209 tripudio,

171 219 241 252 Nos
266 219 424 251 instantes
450 220 505 249 tuo
531 214 704 257 praeconio

249 268 319 300 Fae
343 265 494 309 gaudere.

176 335 299 375 (jande,
321 334 418 366 decus
433 332 565 365 humani
579 329 717 373 generis,

174 385 263 417 Area
289 383 379 416 dieta
404 380 506 414 divini
531 379 685 421 foederis,

175 432 278 466 Nobis
319 434 471 471 praesta,
514 435 716 470 quaesumus,

484 477 611 509 miseris

252 528 470 568 AdJ'uvamen.

178 576 303 617 Gaude,
331 584 349 608 o
377 574 549 607 delicatum
573 572 688 612 lilium,

177 625 291 664 Tuum,
318 627 442 665 saneta,
467 630 566 656 exora
589 620 703 658 filium,

175 674 221 708 Ut
236 674 289 706 ‹let
304 672 396 705 uobis
411 674 482 712 post
497 670 557 703 hoc
571 669 719 702 exsilium

255 720 476 754 Consolamen.

180 788 294 823 (Jaude
319 790 422 819 mater
448 785 508 818 Dei
535 788 566 817 et
591 784 669 823 filia,

182 837 239 871 Cui
265 836 372 868 nullus
397 844 458 875 par
484 837 531 866 est
553 833 587 865 in
604 832 719 874 gloria,

180 885 251 918 Tua
267 885 358 924 virgo
376 891 462 915 nune
478 891 536 915 nos
552 881 723 914 clementia

256 931 456 964 Consoletur.

178 980 304 1015 Gaude.
335 988 464 1020 sponsa,
490 978 629 1011 rectoris
654 986 720 1010 om-

486 1027 587 1065 nium5

181 1079 277 1119 cujus
301 1079 392 1109 tenes
417 1076 451 1108 in
478 1076 567 1108 coelo
585 1074 721 1114 basium,

178 1125 281 1159 Nobis
311 1133 371 1166 per
397 1128 430 1156 te
455 1129 622 1155 aeternum
647 1122 722 1155 bra-

490 1172 576 1204 vium

259 1220 476 1254 condonetur.

187 1288 314 1332 Gaude,
344 1290 452 1331 virgo,
491 1287 628 1321 dulcedo
655 1296 726 1320 cor-

495 1335 594 1374 dium,

183 1385 367 1426 Salutisque
392 1387 523 1417 nostrae
547 1384 726 1427 exordium,

183 1434 304 1467 Mentis
340 1435 472 1466 nostrae
507 1432 600 1465 aufer
634 1431 726 1465 fasti-

497 1481 584 1514 dium

260 1530 312 1563 Ac
336 1532 512 1569 torporem¹

184 1578 310 1613 Gaude,
337 1578 421 1611 coeli
445 1582 560 1610 teneus
584 1576 729 1618 fastigia,

185 1628 281 1668 Cujus
297 1627 404 1660 vultus
424 1630 471 1659 est
485 1626 600 1667 plenus
612 1626 729 1667 gratia,

185 1677 255 1709 Tua
279 1676 373 1708 nobis
398 1679 532 1715 praesta
557 1674 675 1707 solatia

263 1723 306 1757 Et
333 1732 486 1758 amorem.

188 1792 311 1830 Gaude,
320 1792 421 1834 virgo,
435 1792 532 1825 decus
545 1790 728 1835 femineum,

187 1840 352 1873 Thronum
370 1841 487 1873 sedens
504 1848 602 1881 super
620 1841 729 1873 aethe-

499 1897 599 1927 reum,

185 1937 356 1971 Inimicum
383 1942 529 1970 nostrum
553 1940 733 1970 tartareum

263 1985 360 2019 Nune
385 1986 519 2026 repelle.

188 2035 318 2071 Gaude,
346 2035 449 2076 virgo,
475 2035 632 2067 virtutum
657 2043 730 2076 spe-

500 2083 617 2127 culum,

192 2134 279 2171 Quae
305 2140 376 2164 eum
403 2131 531 2165 Christo
558 2140 674 2173 regnas
698 2132 733 2165 in

500 2181 675 2223 saeculum,

190 2228 306 2262 Cordis
330 2229 451 2262 nostris
476 2230 599 2262 munda
614 2229 733 2262 latibu-

499 2278 564 2310 lum

269 2326 360 2359 Omni
387 2325 474 2359 felle.

789 116 844 148 15.

793 521 849 555 16,

794 928 851 962 17.

801 1334 857 1368 18.

805 1888 862 1923 19.

874 111 992 146 Gaude
1014 117 1229 151 supernorum
1255 106 1421 147 solatium,

870 160 987 195 Redde
1000 158 1094 192 nobis
1104 157 1216 190 -Deum
1229 155 1421 197 propitium,

872 209 957 243 Nam
991 212 1025 240 te
1050 206 1122 239 fore
1146 205 1262 238 mortis
1286 204 1422 237 exitium

953 257 1038 289 Vere
1059 255 1138 289 scio.

876 305 1000 345 Gaude,
1017 305 1107 346 virgo
1124 303 1264 336 clemens
1272 305 1303 334 et
1313 302 1421 343 unica,

874 355 1023 388 Salutata
1048 361 1128 386 voce
1153 351 1310 393 angelica,

874 402 970 437 Nunc
978 412 1027 435 se1
1034 411 1146 434 vorum
1157 400 1286 441 suscipe
1296 398 1424 432 cantica

954 450 1061 485 Corde
1084 450 1151 490 pio.

874 520 975 558 Vale,
1002 518 1103 559 virgo,
1131 516 1258 551 fiscella
1283 515 1423 558 scirpea,

876 569 974 609 Legis
999 575 1086 606 arca,
1114 567 1215 599 turris
1242 564 1397 603 ebumea,

875 616 1056 650 Laboranti
1081 615 1117 648 in
1142 614 1257 647 muudi
1282 621 1360 646 area

955 664 1006 698 Sis
1032 663 1188 705 adetrix.

878 713 969 754 Vale,
997 713 1085 745 salus
1112 712 1244 745 humani
1270 711 1410 751 generis,

877 761 1128 802 Adunatrixque
1152 760 1245 801 pacis
1269 757 1424 801 foederis,

878 810 1085 845 Consolatrix
1111 810 1155 842 sis
1180 810 1246 841 mei
1270 807 1427 848 pauperis

955 859 1066 899 Atque
1090 858 1205 892 tutrix.

878 926 971 967 Vale,
997 926 1226 966 impraegnata
1252 924 1378 966 deifice,

879 976 988 1015 Atque
996 974 1123 1014 prolem
1132 973 1268 1015 gignens
1276 972 1426 1016 mirifice,

880 1023 977 1057 Coelo
1005 1023 1120 1063 dignos
1144 1023 1292 1055 servulos
1319 1020 1414 1054 effice

959 1072 1022 1104 Per
1046 1072 1210 1103 virtutem.

879 1120 970 1160 Vale,
988 1119 1092 1151 dulcis
1105 1119 1222 1152 mentis
1236 1119 1427 1160 amoenitas,

878 1169 945 1201 Mis
958 1172 992 1200 te
1004 1169 1116 1208 nequit
1127 1168 1262 1200 laudare
1271 1168 1429 1212 parvitas,

881 1217 905 1251 O
917 1225 1013 1257 quam
1023 1215 1114 1258 felix,
1121 1225 1217 1257 quem
1222 1220 1258 1249 tu
1263 1216 1431 1249 inhabitas

962 1266 1024 1298 Per
1050 1266 1197 1298 salutem.

883 1333 978 1376 Vale,
988 1342 1064 1365 mun
1068 1333 1102 1365 di
1111 1333 1230 1366 tollens
1236 1334 1429 1376 perieulum,

885 1383 1022 1415 Praesta
1047 1381 1140 1415 nobis
1160 1382 1315 1422 juvamen
1333 1383 1430 1415 sedu-

1197 1431 1264 1463 lum

885 1479 930 1513 Ut
955 1476 1076 1512 inferni
1102 1455 1274 1521 possimus’
1288 1479 1432 1519 pseudu-

1197 1529 1264 1561 lum

963 1576 1132 1610 Devitare.

887 1625 979 1668 Vale>
998 1625 1107 1665 stella,
1125 1634 1185 1666 per
1200 1626 1291 1666 cujus
1303 1625 1434 1660 radium

888 1673 1004 1706 Cordis
1010 1674 1126 1706 moesti
1132 1674 1269 1715 pellitur
1278 1674 1433 1715 taedium,

886 1722 955 1755 Fac
978 1731 1038 1755 nos
1064 1723 1152 1755 vitae
1178 1727 1332 1756 aeternae
1357 1732 1435 1765 gau-

1202 1773 1290 1805 dium

966 1820 1159 1860 impetrare.

889 1888 983 1923 Vale,
1010 1891 1116 1921 mater
1141 1889 1279 1922 abscissi
1302 1889 1436 1931 lapidis,

891 1936 970 1970 Cum
996 1946 1059 1977 quo
1082 1938 1205 1979 gaudes
1220 1939 1256 1970 in
1273 1939 1357 1970 coeli
1373 1936 1437 1971 ful-

1203 1987 1299 2030 gidis,

889 2034 940 2067 Ne
963 2033 1134 2068 foedemur
1152 2035 1304 2076 squalore
1321 2034 1438 2077 Cypri-

1205 2085 1255 2119 dis

968 2132 1101 2165 Scutum
1127 2138 1270 2173 praesta.

890 2180 982 2223 Vale,
1012 2190 1109 2221 quam
1134 2181 1224 2214 beati
1247 2182 1402 2215 hilariter

890 2228 1095 2263 Benedieuut
1104 2239 1192 2263 nuno
1200 2234 1232 2263 et
1239 2231 1441 2273 perenniter,

892 2277 938 2310 Ut
953 2278 987 2310 in
1009 2279 1145 2318 proeliis
1158 2283 1280 2313 stemus
1298 2278 1441 2321 fortiter,

970 2326 1039 2359 Nos
1065 2331 1225 2363 sustenta.
