<?xml version="1.0" encoding="UTF-8"?>
<!DOCTYPE html PUBLIC "-//W3C//DTD XHTML 1.0 Transitional//EN"
    "http://www.w3.org/TR/xhtml1/DTD/xhtml1-transitional.dtd">
<html xmlns="http://www.w3.org/1999/xhtml" xml:lang="en" lang="en">
 <head>
  <title>
</title>
<meta http-equiv="Content-Type" content="text/html;charset=utf-8" />
  <meta name='ocr-system' content='tesseract 3.04.00' />
  <meta name='ocr-capabilities' content='ocr_page ocr_carea ocr_par ocr_line ocrx_word'/>
</head>
<body>
  <div class='ocr_page' id='page_1' title='image "./analectahymnica06drevuoft_00059.png"; bbox 0 0 1656 2674; ppageno 0'>
   <div class='ocr_carea' id='block_1_1' title="bbox 681 54 920 89">
    <p class='ocr_par' dir='ltr' id='par_1_1' title="bbox 681 54 920 89">
     <span class='ocr_line' id='line_1_1' title="bbox 681 54 920 89; baseline -0.004 -10"><span class='ocrx_word' id='word_1_1' title='bbox 681 54 920 89; x_wconf 60' lang='lat'>„55—</span> 
     </span>
    </p>
   </div>
   <div class='ocr_carea' id='block_1_2' title="bbox 125 146 1473 420">
    <p class='ocr_par' dir='ltr' id='par_1_2' title="bbox 125 146 1473 420">
     <span class='ocr_line' id='line_1_2' title="bbox 207 146 1471 188; baseline -0.002 -8"><span class='ocrx_word' id='word_1_2' title='bbox 207 152 287 180; x_wconf 82' lang='lat' dir='ltr'>Orat.</span> <span class='ocrx_word' id='word_1_3' title='bbox 311 161 364 180; x_wconf 85' lang='lat' dir='ltr'>ms.</span> <span class='ocrx_word' id='word_1_4' title='bbox 385 153 568 188; x_wconf 82' lang='lat' dir='ltr'>Tegurinum</span> <span class='ocrx_word' id='word_1_5' title='bbox 590 159 665 179; x_wconf 68' lang='lat' dir='ltr'>saec.</span> <span class='ocrx_word' id='word_1_6' title='bbox 686 149 730 179; x_wconf 83' lang='lat'>15.</span> <span class='ocrx_word' id='word_1_7' title='bbox 754 150 826 179; x_wconf 88' lang='lat' dir='ltr'>Chn.</span> <span class='ocrx_word' id='word_1_8' title='bbox 843 150 962 178; x_wconf 59' lang='lat' dir='ltr'>Manae.</span> <span class='ocrx_word' id='word_1_9' title='bbox 984 146 1084 177; x_wconf 81' lang='lat'>20001</span> <span class='ocrx_word' id='word_1_10' title='bbox 1107 148 1157 176; x_wconf 85' lang='lat' dir='ltr'>fol.</span> <span class='ocrx_word' id='word_1_11' title='bbox 1174 148 1211 177; x_wconf 89' lang='grc'>60</span> <span class='ocrx_word' id='word_1_12' title='bbox 1230 150 1258 178; x_wconf 91' lang='lat' dir='ltr'>b.</span> <span class='ocrx_word' id='word_1_13' title='bbox 1274 148 1309 176; x_wconf 71' lang='lat' dir='ltr'>A.</span> <span class='ocrx_word' id='word_1_14' title='bbox 1331 165 1370 170; x_wconf 87' lang='lat'>—</span> <span class='ocrx_word' id='word_1_15' title='bbox 1392 147 1471 177; x_wconf 69' lang='lat' dir='ltr'>Orat..</span> 
     </span>
     <span class='ocr_line' id='line_1_3' title="bbox 128 186 1473 228; baseline -0.002 -9"><span class='ocrx_word' id='word_1_16' title='bbox 128 199 184 219; x_wconf 79' lang='lat' dir='ltr'>ms.</span> <span class='ocrx_word' id='word_1_17' title='bbox 199 192 382 228; x_wconf 66' lang='lat' dir='ltr'>&#39;&#39;seg-urinum</span> <span class='ocrx_word' id='word_1_18' title='bbox 404 198 479 219; x_wconf 68' lang='lat' dir='ltr'>saec.</span> <span class='ocrx_word' id='word_1_19' title='bbox 496 188 541 218; x_wconf 76' lang='lat'>15.</span> <span class='ocrx_word' id='word_1_20' title='bbox 563 188 637 216; x_wconf 82' lang='lat' dir='ltr'>Ghn.</span> <span class='ocrx_word' id='word_1_21' title='bbox 651 190 768 218; x_wconf 64' lang='lat' dir='ltr'>Monac.</span> <span class='ocrx_word' id='word_1_22' title='bbox 784 186 895 218; x_wconf 60' lang='lat'>196315.</span> <span class='ocrx_word' id='word_1_23' title='bbox 912 189 945 216; x_wconf 79' lang='grc' dir='ltr'>Β.</span> <span class='ocrx_word' id='word_1_24' title='bbox 967 204 1005 208; x_wconf 91' lang='lat'>——</span> <span class='ocrx_word' id='word_1_25' title='bbox 1024 188 1206 216; x_wconf 80' lang='lat' dir='ltr'>Psalterium</span> <span class='ocrx_word' id='word_1_26' title='bbox 1225 188 1324 216; x_wconf 70' lang='lat' dir='ltr'>Divae</span> <span class='ocrx_word' id='word_1_27' title='bbox 1339 188 1473 224; x_wconf 76' lang='lat' dir='ltr'>Virginis</span> 
     </span>
     <span class='ocr_line' id='line_1_4' title="bbox 126 226 1471 265; baseline -0.003 -7"><span class='ocrx_word' id='word_1_28' title='bbox 126 230 243 258; x_wconf 82' lang='lat' dir='ltr'>Mariae</span> <span class='ocrx_word' id='word_1_29' title='bbox 270 235 323 258; x_wconf 69' lang='lat' dir='ltr'>etv.</span> <span class='ocrx_word' id='word_1_30' title='bbox 350 230 501 257; x_wconf 75' lang='lat' dir='ltr'>Excusum</span> <span class='ocrx_word' id='word_1_31' title='bbox 521 229 689 265; x_wconf 73' lang='lat' dir='ltr'>Tegernsee</span> <span class='ocrx_word' id='word_1_32' title='bbox 718 226 801 256; x_wconf 61' lang='lat'>1589.</span> <span class='ocrx_word' id='word_1_33' title='bbox 824 229 854 256; x_wconf 69' lang='lat' dir='ltr'>C.</span> <span class='ocrx_word' id='word_1_34' title='bbox 881 242 894 246; x_wconf 91' lang='lat'>-</span> <span class='ocrx_word' id='word_1_35' title='bbox 939 227 1070 263; x_wconf 76' lang='lat' dir='ltr'>„Incipit</span> <span class='ocrx_word' id='word_1_36' title='bbox 1095 226 1157 255; x_wconf 81' lang='lat' dir='ltr'>alia</span> <span class='ocrx_word' id='word_1_37' title='bbox 1184 227 1281 255; x_wconf 75' lang='lat' dir='ltr'>oratio</span> <span class='ocrx_word' id='word_1_38' title='bbox 1308 227 1416 255; x_wconf 74' lang='lat' dir='ltr'>devota</span> <span class='ocrx_word' id='word_1_39' title='bbox 1436 226 1471 254; x_wconf 80' lang='lat' dir='ltr'>de</span> 
     </span>
     <span class='ocr_line' id='line_1_5' title="bbox 125 264 1470 305; baseline -0.004 -8"><span class='ocrx_word' id='word_1_40' title='bbox 125 269 216 297; x_wconf 81' lang='lat' dir='ltr'>beata</span> <span class='ocrx_word' id='word_1_41' title='bbox 235 269 351 305; x_wconf 74' lang='lat' dir='ltr'>virgine</span> <span class='ocrx_word' id='word_1_42' title='bbox 369 269 507 295; x_wconf 53' lang='lat' dir='ltr'>runs-tans</span> <span class='ocrx_word' id='word_1_43' title='bbox 523 269 616 295; x_wconf 85' lang='lat' dir='ltr'>metro</span> <span class='ocrx_word' id='word_1_44' title='bbox 631 267 787 303; x_wconf 80' lang='lat' dir='ltr'>pindarico</span> <span class='ocrx_word' id='word_1_45' title='bbox 802 268 879 295; x_wconf 80' lang='lat' dir='ltr'>sicut</span> <span class='ocrx_word' id='word_1_46' title='bbox 895 265 1103 302; x_wconf 68' lang='lat' dir='ltr'>1)1·aecedene.²‘</span> <span class='ocrx_word' id='word_1_47' title='bbox 1135 264 1194 295; x_wconf 78' lang='lat' dir='ltr'>AO.</span> <span class='ocrx_word' id='word_1_48' title='bbox 1218 265 1314 294; x_wconf 76' lang='lat' dir='ltr'>welch</span> <span class='ocrx_word' id='word_1_49' title='bbox 1334 266 1470 294; x_wconf 79' lang='lat' dir='ltr'>letzteres</span> 
     </span>
     <span class='ocr_line' id='line_1_6' title="bbox 128 302 1471 343; baseline -0.001 -8"><span class='ocrx_word' id='word_1_50' title='bbox 128 308 231 343; x_wconf 81' lang='lat' dir='ltr'>obiges</span> <span class='ocrx_word' id='word_1_51' title='bbox 257 308 309 335; x_wconf 79' lang='lat' dir='ltr'>der</span> <span class='ocrx_word' id='word_1_52' title='bbox 328 305 522 335; x_wconf 59' lang='lat' dir='ltr'>Handechrist</span> <span class='ocrx_word' id='word_1_53' title='bbox 546 313 644 343; x_wconf 82' lang='lat' dir='ltr'>genau</span> <span class='ocrx_word' id='word_1_54' title='bbox 664 305 862 338; x_wconf 75' lang='lat' dir='ltr'>nachdruekt,</span> <span class='ocrx_word' id='word_1_55' title='bbox 891 304 1024 333; x_wconf 72' lang='lat' dir='ltr'>obse-hou</span> <span class='ocrx_word' id='word_1_56' title='bbox 1044 306 1076 332; x_wconf 85' lang='lat' dir='ltr'>in</span> <span class='ocrx_word' id='word_1_57' title='bbox 1097 305 1162 333; x_wconf 86' lang='lat' dir='ltr'>dem</span> <span class='ocrx_word' id='word_1_58' title='bbox 1183 304 1307 333; x_wconf 74' lang='lat' dir='ltr'>Drueke</span> <span class='ocrx_word' id='word_1_59' title='bbox 1328 307 1376 333; x_wconf 78' lang='lat' dir='ltr'>ein</span> <span class='ocrx_word' id='word_1_60' title='bbox 1395 302 1471 333; x_wconf 84' lang='lat' dir='ltr'>Lied</span> 
     </span>
     <span class='ocr_line' id='line_1_7' title="bbox 127 341 1467 382; baseline -0.002 -9"><span class='ocrx_word' id='word_1_61' title='bbox 127 355 187 374; x_wconf 71' lang='lat' dir='ltr'>von</span> <span class='ocrx_word' id='word_1_62' title='bbox 211 354 288 382; x_wconf 84' lang='lat' dir='ltr'>ganz</span> <span class='ocrx_word' id='word_1_63' title='bbox 316 345 454 373; x_wconf 79' lang='lat' dir='ltr'>andei-em</span> <span class='ocrx_word' id='word_1_64' title='bbox 475 344 649 373; x_wconf 76' lang='lat' dir='ltr'>Versmasse</span> <span class='ocrx_word' id='word_1_65' title='bbox 678 344 863 381; x_wconf 75' lang='lat' dir='ltr'>rurausgeht.</span> <span class='ocrx_word' id='word_1_66' title='bbox 885 359 923 363; x_wconf 90' lang='lat'>—</span> <span class='ocrx_word' id='word_1_67' title='bbox 946 343 973 379; x_wconf 87' lang='lat'>4,</span> <span class='ocrx_word' id='word_1_68' title='bbox 994 341 1014 371; x_wconf 84' lang='lat'>4</span> <span class='ocrx_word' id='word_1_69' title='bbox 1033 345 1177 372; x_wconf 83' lang='lat' dir='ltr'>virtutum</span> <span class='ocrx_word' id='word_1_70' title='bbox 1197 345 1332 381; x_wconf 79' lang='lat' dir='ltr'>germine</span> <span class='ocrx_word' id='word_1_71' title='bbox 1350 343 1412 371; x_wconf 56' lang='grc' dir='ltr'>ΑΡ.</span> <span class='ocrx_word' id='word_1_72' title='bbox 1433 359 1467 366; x_wconf 50' lang='grc' dir='ltr'>-ι-</span> 
     </span>
     <span class='ocr_line' id='line_1_8' title="bbox 126 381 1471 420; baseline -0.002 -7"><span class='ocrx_word' id='word_1_73' title='bbox 126 383 156 418; x_wconf 80' lang='grc'>5,</span> <span class='ocrx_word' id='word_1_74' title='bbox 187 382 204 412; x_wconf 84' lang='grc'>3</span> <span class='ocrx_word' id='word_1_75' title='bbox 231 384 305 412; x_wconf 73' lang='lat' dir='ltr'>Feni</span> <span class='ocrx_word' id='word_1_76' title='bbox 331 384 464 420; x_wconf 74' lang='lat' dir='ltr'>linguam</span> <span class='ocrx_word' id='word_1_77' title='bbox 491 383 530 415; x_wconf 79' lang='lat' dir='ltr'>A;</span> <span class='ocrx_word' id='word_1_78' title='bbox 558 382 652 412; x_wconf 85' lang='lat' dir='ltr'>Poeni</span> <span class='ocrx_word' id='word_1_79' title='bbox 677 384 782 418; x_wconf 81' lang='lat' dir='ltr'>lingua</span> <span class='ocrx_word' id='word_1_80' title='bbox 809 382 843 417; x_wconf 76' lang='grc' dir='ltr'>Ο,</span> <span class='ocrx_word' id='word_1_81' title='bbox 873 382 900 409; x_wconf 77' lang='lat' dir='ltr'>d.</span> <span class='ocrx_word' id='word_1_82' title='bbox 927 382 956 410; x_wconf 88' lang='lat' dir='ltr'>h.</span> <span class='ocrx_word' id='word_1_83' title='bbox 983 381 1032 410; x_wconf 86' lang='lat' dir='ltr'>die</span> <span class='ocrx_word' id='word_1_84' title='bbox 1056 383 1159 420; x_wconf 70' lang='lat' dir='ltr'>Zung&#39;e</span> <span class='ocrx_word' id='word_1_85' title='bbox 1185 384 1266 412; x_wconf 66' lang='lat' dir='ltr'>eines</span> <span class='ocrx_word' id='word_1_86' title='bbox 1292 382 1471 419; x_wconf 76' lang='lat' dir='ltr'>gewandten</span> 
     </span>
    </p>
   </div>
   <div class='ocr_carea' id='block_1_3' title="bbox 124 423 402 452">
    <p class='ocr_par' dir='ltr' id='par_1_3' title="bbox 124 423 402 452">
     <span class='ocr_line' id='line_1_9' title="bbox 124 423 402 452; baseline -0.011 0"><span class='ocrx_word' id='word_1_87' title='bbox 124 423 402 452; x_wconf 50' lang='lat' dir='ltr'>Geschfiftsmannef</span> 
     </span>
    </p>
   </div>
   <div class='ocr_carea' id='block_1_4' title="bbox 360 514 1234 558">
    <p class='ocr_par' dir='ltr' id='par_1_4' title="bbox 360 514 1234 558">
     <span class='ocr_line' id='line_1_10' title="bbox 360 514 1234 558; baseline 0.001 -12"><span class='ocrx_word' id='word_1_88' title='bbox 360 516 409 548; x_wconf 77' lang='lat'>20.</span> <span class='ocrx_word' id='word_1_89' title='bbox 449 515 658 547; x_wconf 75' lang='lat' dir='ltr'>Acrostichon</span> <span class='ocrx_word' id='word_1_90' title='bbox 678 523 774 556; x_wconf 82' lang='lat' dir='ltr'>super</span> <span class='ocrx_word' id='word_1_91' title='bbox 796 514 927 555; x_wconf 76' lang='lat' dir='ltr'>„Maria‚</span> <span class='ocrx_word' id='word_1_92' title='bbox 948 516 1053 548; x_wconf 72' lang='lat' dir='ltr'>mater</span> <span class='ocrx_word' id='word_1_93' title='bbox 1073 515 1234 558; x_wconf 82' lang='lat' dir='ltr'>gratiae“.</span> 
     </span>
    </p>
   </div>
   <div class='ocr_carea' id='block_1_5' title="bbox 113 602 1467 2365">
    <p class='ocr_par' dir='ltr' id='par_1_5' title="bbox 126 602 1467 793">
     <span class='ocr_line' id='line_1_11' title="bbox 126 602 1456 648; baseline -0.002 -7"><span class='ocrx_word' id='word_1_94' title='bbox 126 608 159 641; x_wconf 91' lang='grc'>1.</span> <span class='ocrx_word' id='word_1_95' title='bbox 186 603 302 646; x_wconf 77' lang='lat' dir='ltr'>Mater,</span> <span class='ocrx_word' id='word_1_96' title='bbox 331 607 398 639; x_wconf 82' lang='lat' dir='ltr'>vita</span> <span class='ocrx_word' id='word_1_97' title='bbox 424 609 538 639; x_wconf 65' lang='lat' dir='ltr'>ornata</span> <span class='ocrx_word' id='word_1_98' title='bbox 564 605 697 646; x_wconf 83' lang='lat' dir='ltr'>caelibe,</span> <span class='ocrx_word' id='word_1_99' title='bbox 863 606 894 639; x_wconf 81' lang='lat'>9.</span> <span class='ocrx_word' id='word_1_100' title='bbox 921 602 1104 640; x_wconf 74' lang='lat' dir='ltr'>Educatrix</span> <span class='ocrx_word' id='word_1_101' title='bbox 1122 606 1244 640; x_wconf 82' lang='lat' dir='ltr'>Christi</span> <span class='ocrx_word' id='word_1_102' title='bbox 1263 610 1295 638; x_wconf 85' lang='lat' dir='ltr'>et</span> <span class='ocrx_word' id='word_1_103' title='bbox 1314 606 1456 648; x_wconf 70' lang='lat' dir='ltr'>genitr‘nt</span> 
     </span>
     <span class='ocr_line' id='line_1_12' title="bbox 186 654 1466 698; baseline 0.002 -12"><span class='ocrx_word' id='word_1_104' title='bbox 186 656 285 694; x_wconf 81' lang='lat' dir='ltr'>Quam</span> <span class='ocrx_word' id='word_1_105' title='bbox 301 654 440 687; x_wconf 81' lang='lat' dir='ltr'>laudabo</span> <span class='ocrx_word' id='word_1_106' title='bbox 454 657 561 686; x_wconf 86' lang='lat' dir='ltr'>mente</span> <span class='ocrx_word' id='word_1_107' title='bbox 574 657 763 696; x_wconf 79' lang='lat' dir='ltr'>spontanea,</span> <span class='ocrx_word' id='word_1_108' title='bbox 921 655 960 688; x_wconf 89' lang='lat' dir='ltr'>In</span> <span class='ocrx_word' id='word_1_109' title='bbox 972 655 1345 697; x_wconf 75' lang='lat' dir='ltr'>coelestinuncgaudens</span> <span class='ocrx_word' id='word_1_110' title='bbox 1351 655 1466 698; x_wconf 84' lang='lat' dir='ltr'>gloria,</span> 
     </span>
     <span class='ocr_line' id='line_1_13' title="bbox 186 702 1467 745; baseline 0 -10"><span class='ocrx_word' id='word_1_111' title='bbox 186 703 392 743; x_wconf 87' lang='lat' dir='ltr'>Adjutricem</span> <span class='ocrx_word' id='word_1_112' title='bbox 418 706 451 735; x_wconf 83' lang='lat' dir='ltr'>te</span> <span class='ocrx_word' id='word_1_113' title='bbox 475 702 554 735; x_wconf 91' lang='lat' dir='ltr'>mihi</span> <span class='ocrx_word' id='word_1_114' title='bbox 581 702 707 743; x_wconf 77' lang='lat' dir='ltr'>exhibe,</span> <span class='ocrx_word' id='word_1_115' title='bbox 920 704 1467 745; x_wconf 76' lang='lat' dir='ltr'>Animarumpraestaneperditrix</span> 
     </span>
     <span class='ocr_line' id='line_1_14' title="bbox 186 751 1436 793; baseline 0.002 -10"><span class='ocrx_word' id='word_1_116' title='bbox 186 751 295 784; x_wconf 86' lang='lat' dir='ltr'>Morte</span> <span class='ocrx_word' id='word_1_117' title='bbox 321 761 412 783; x_wconf 85' lang='lat' dir='ltr'>ruam</span> <span class='ocrx_word' id='word_1_118' title='bbox 437 759 479 783; x_wconf 88' lang='lat' dir='ltr'>ne</span> <span class='ocrx_word' id='word_1_119' title='bbox 503 753 736 784; x_wconf 77' lang='lat' dir='ltr'>momentanea.</span> <span class='ocrx_word' id='word_1_120' title='bbox 920 752 976 784; x_wconf 86' lang='lat' dir='ltr'>Me</span> <span class='ocrx_word' id='word_1_121' title='bbox 1003 755 1137 785; x_wconf 78' lang='lat' dir='ltr'><strong>enervet</strong></span> <span class='ocrx_word' id='word_1_122' title='bbox 1163 752 1436 793; x_wconf 80' lang='lat' dir='ltr'>concupiscentia.</span> 
     </span>
    </p>

    <p class='ocr_par' dir='ltr' id='par_1_6' title="bbox 124 806 1464 939">
     <span class='ocr_line' id='line_1_15' title="bbox 124 806 1431 853; baseline -0.002 -9"><span class='ocrx_word' id='word_1_123' title='bbox 124 811 155 844; x_wconf 85' lang='lat'>2.</span> <span class='ocrx_word' id='word_1_124' title='bbox 183 806 401 843; x_wconf 80' lang='lat' dir='ltr'>Adversantis</span> <span class='ocrx_word' id='word_1_125' title='bbox 426 808 575 842; x_wconf 82' lang='lat' dir='ltr'>fortunae</span> <span class='ocrx_word' id='word_1_126' title='bbox 601 809 763 843; x_wconf 82' lang='lat' dir='ltr'>sarcinam</span> <span class='ocrx_word' id='word_1_127' title='bbox 836 809 892 842; x_wconf 94' lang='grc'>10.</span> <span class='ocrx_word' id='word_1_128' title='bbox 920 807 1025 851; x_wconf 79' lang='lat' dir='ltr'>Rogo,</span> <span class='ocrx_word' id='word_1_129' title='bbox 1051 809 1115 842; x_wconf 90' lang='lat' dir='ltr'>Dei</span> <span class='ocrx_word' id='word_1_130' title='bbox 1139 813 1244 843; x_wconf 82' lang='lat' dir='ltr'>mater</span> <span class='ocrx_word' id='word_1_131' title='bbox 1270 810 1431 853; x_wconf 79' lang='lat' dir='ltr'>altissimi,</span> 
     </span>
     <span class='ocr_line' id='line_1_16' title="bbox 183 855 1464 899; baseline 0.002 -10"><span class='ocrx_word' id='word_1_132' title='bbox 183 858 261 890; x_wconf 88' lang='lat' dir='ltr'>Tuis</span> <span class='ocrx_word' id='word_1_133' title='bbox 287 855 380 890; x_wconf 83' lang='lat' dir='ltr'>aufer</span> <span class='ocrx_word' id='word_1_134' title='bbox 404 857 629 899; x_wconf 79' lang='lat' dir='ltr'>petitionibus,</span> <span class='ocrx_word' id='word_1_135' title='bbox 920 858 1022 898; x_wconf 82' lang='lat' dir='ltr'>Quam</span> <span class='ocrx_word' id='word_1_136' title='bbox 1044 859 1181 891; x_wconf 70' lang='lat' dir='ltr'>virtutes</span> <span class='ocrx_word' id='word_1_137' title='bbox 1199 858 1337 891; x_wconf 79' lang='lat' dir='ltr'>laudant</span> <span class='ocrx_word' id='word_1_138' title='bbox 1354 859 1464 891; x_wconf 80' lang='lat' dir='ltr'>urani-</span> 
     </span>
     <span class='ocr_line' id='line_1_17' title="bbox 184 906 1301 939; baseline 0.001 -1"><span class='ocrx_word' id='word_1_139' title='bbox 184 906 269 938; x_wconf 82' lang='lat' dir='ltr'>Tuas</span> <span class='ocrx_word' id='word_1_140' title='bbox 303 906 416 938; x_wconf 83' lang='lat' dir='ltr'>laudes</span> <span class='ocrx_word' id='word_1_141' title='bbox 449 909 483 937; x_wconf 90' lang='lat' dir='ltr'>ut</span> <span class='ocrx_word' id='word_1_142' title='bbox 518 907 622 938; x_wconf 82' lang='lat' dir='ltr'>laetus</span> <span class='ocrx_word' id='word_1_143' title='bbox 654 906 761 939; x_wconf 87' lang='lat' dir='ltr'>conci·</span> <span class='ocrx_word' id='word_1_144' title='bbox 1234 915 1301 939; x_wconf 77' lang='lat' dir='ltr'>cae.</span> 
     </span>
    </p>

    <p class='ocr_par' dir='ltr' id='par_1_7' title="bbox 181 954 1444 1044">
     <span class='ocr_line' id='line_1_18' title="bbox 528 954 1417 994; baseline 0.001 -8"><span class='ocrx_word' id='word_1_145' title='bbox 528 963 613 994; x_wconf 85' lang='lat' dir='ltr'>nam,</span> <span class='ocrx_word' id='word_1_146' title='bbox 918 954 1020 988; x_wconf 88' lang='lat' dir='ltr'>Modo</span> <span class='ocrx_word' id='word_1_147' title='bbox 1046 957 1080 986; x_wconf 88' lang='lat' dir='ltr'>te</span> <span class='ocrx_word' id='word_1_148' title='bbox 1104 955 1291 988; x_wconf 84' lang='lat' dir='ltr'>venerantis</span> <span class='ocrx_word' id='word_1_149' title='bbox 1317 955 1417 987; x_wconf 87' lang='lat' dir='ltr'>animi</span> 
     </span>
     <span class='ocr_line' id='line_1_19' title="bbox 181 1001 1444 1044; baseline 0.002 -10"><span class='ocrx_word' id='word_1_150' title='bbox 181 1002 240 1035; x_wconf 81' lang='lat' dir='ltr'>His</span> <span class='ocrx_word' id='word_1_151' title='bbox 267 1005 436 1035; x_wconf 80' lang='lat' dir='ltr'>contentas</span> <span class='ocrx_word' id='word_1_152' title='bbox 460 1002 494 1034; x_wconf 84' lang='lat' dir='ltr'>in</span> <span class='ocrx_word' id='word_1_153' title='bbox 522 1003 761 1036; x_wconf 75' lang='lat' dir='ltr'>dictaminibus.</span> <span class='ocrx_word' id='word_1_154' title='bbox 919 1001 1098 1035; x_wconf 80' lang='lat' dir='ltr'>Glacialem</span> <span class='ocrx_word' id='word_1_155' title='bbox 1123 1007 1291 1044; x_wconf 78' lang='lat' dir='ltr'>torporem</span> <span class='ocrx_word' id='word_1_156' title='bbox 1317 1004 1444 1044; x_wconf 79' lang='lat' dir='ltr'>disjice.</span> 
     </span>
    </p>

    <p class='ocr_par' dir='ltr' id='par_1_8' title="bbox 123 1056 1462 1244">
     <span class='ocr_line' id='line_1_20' title="bbox 123 1056 1430 1103; baseline 0 -9"><span class='ocrx_word' id='word_1_157' title='bbox 123 1062 155 1094; x_wconf 84' lang='lat'>3.</span> <span class='ocrx_word' id='word_1_158' title='bbox 182 1056 316 1093; x_wconf 79' lang='lat' dir='ltr'>Rationi</span> <span class='ocrx_word' id='word_1_159' title='bbox 341 1069 433 1092; x_wconf 83' lang='lat' dir='ltr'>meae</span> <span class='ocrx_word' id='word_1_160' title='bbox 457 1060 626 1092; x_wconf 81' lang='lat' dir='ltr'>scientiam</span> <span class='ocrx_word' id='word_1_161' title='bbox 835 1060 891 1094; x_wconf 84' lang='lat'>11.</span> <span class='ocrx_word' id='word_1_162' title='bbox 921 1057 1074 1095; x_wconf 55' lang='lat' dir='ltr'>(iratiosa</span> <span class='ocrx_word' id='word_1_163' title='bbox 1099 1065 1203 1094; x_wconf 83' lang='lat' dir='ltr'>mater</span> <span class='ocrx_word' id='word_1_164' title='bbox 1230 1065 1260 1094; x_wconf 85' lang='lat' dir='ltr'>et</span> <span class='ocrx_word' id='word_1_165' title='bbox 1289 1061 1430 1103; x_wconf 78' lang='lat' dir='ltr'>domina,</span> 
     </span>
     <span class='ocr_line' id='line_1_21' title="bbox 182 1109 1443 1150; baseline 0.002 -10"><span class='ocrx_word' id='word_1_166' title='bbox 182 1109 450 1149; x_wconf 81' lang='lat' dir='ltr'>Facultatemque</span> <span class='ocrx_word' id='word_1_167' title='bbox 477 1109 605 1150; x_wconf 83' lang='lat' dir='ltr'>linguae</span> <span class='ocrx_word' id='word_1_168' title='bbox 630 1109 749 1149; x_wconf 83' lang='lat' dir='ltr'>tribue,</span> <span class='ocrx_word' id='word_1_169' title='bbox 916 1110 1023 1142; x_wconf 87' lang='lat' dir='ltr'>Aures</span> <span class='ocrx_word' id='word_1_170' title='bbox 1049 1109 1172 1150; x_wconf 84' lang='lat' dir='ltr'>praebe</span> <span class='ocrx_word' id='word_1_171' title='bbox 1197 1119 1268 1143; x_wconf 86' lang='lat' dir='ltr'>meo</span> <span class='ocrx_word' id='word_1_172' title='bbox 1295 1110 1443 1150; x_wconf 79' lang='lat' dir='ltr'>precatui</span> 
     </span>
     <span class='ocr_line' id='line_1_22' title="bbox 184 1156 1462 1200; baseline 0.002 -12"><span class='ocrx_word' id='word_1_173' title='bbox 184 1156 320 1197; x_wconf 85' lang='lat' dir='ltr'>Semper</span> <span class='ocrx_word' id='word_1_174' title='bbox 345 1161 433 1189; x_wconf 81' lang='lat' dir='ltr'>tuam</span> <span class='ocrx_word' id='word_1_175' title='bbox 459 1161 494 1188; x_wconf 86' lang='lat' dir='ltr'>ut</span> <span class='ocrx_word' id='word_1_176' title='bbox 516 1157 761 1191; x_wconf 76' lang='lat' dir='ltr'>sanctimoniam</span> <span class='ocrx_word' id='word_1_177' title='bbox 916 1158 1039 1190; x_wconf 85' lang='lat' dir='ltr'>Delens</span> <span class='ocrx_word' id='word_1_178' title='bbox 1058 1167 1131 1191; x_wconf 79' lang='lat' dir='ltr'>mea</span> <span class='ocrx_word' id='word_1_179' title='bbox 1147 1157 1246 1191; x_wconf 80' lang='lat' dir='ltr'>foeda</span> <span class='ocrx_word' id='word_1_180' title='bbox 1261 1159 1462 1200; x_wconf 79' lang='lat' dir='ltr'>peccamina,</span> 
     </span>
     <span class='ocr_line' id='line_1_23' title="bbox 181 1204 1425 1244; baseline 0.002 -7"><span class='ocrx_word' id='word_1_181' title='bbox 181 1204 295 1237; x_wconf 82' lang='lat' dir='ltr'>Laude</span> <span class='ocrx_word' id='word_1_182' title='bbox 323 1205 420 1244; x_wconf 57' lang='lat' dir='ltr'>digna</span> <span class='ocrx_word' id='word_1_183' title='bbox 443 1206 594 1238; x_wconf 75' lang='lat' dir='ltr'>extollam</span> <span class='ocrx_word' id='word_1_184' title='bbox 617 1210 758 1240; x_wconf 86' lang='lat' dir='ltr'>strenue.</span> <span class='ocrx_word' id='word_1_185' title='bbox 916 1205 1076 1239; x_wconf 83' lang='lat' dir='ltr'>Infernali</span> <span class='ocrx_word' id='word_1_186' title='bbox 1101 1215 1143 1240; x_wconf 86' lang='lat' dir='ltr'>ne</span> <span class='ocrx_word' id='word_1_187' title='bbox 1168 1208 1284 1240; x_wconf 82' lang='lat' dir='ltr'>tradar</span> <span class='ocrx_word' id='word_1_188' title='bbox 1310 1208 1425 1240; x_wconf 84' lang='lat' dir='ltr'>aestui.</span> 
     </span>
    </p>

    <p class='ocr_par' dir='ltr' id='par_1_9' title="bbox 122 1259 1462 1444">
     <span class='ocr_line' id='line_1_24' title="bbox 122 1259 1408 1303; baseline 0.001 -7"><span class='ocrx_word' id='word_1_189' title='bbox 122 1264 155 1296; x_wconf 90' lang='lat'>4.</span> <span class='ocrx_word' id='word_1_190' title='bbox 183 1259 382 1303; x_wconf 70' lang='lat' dir='ltr'>Imperatrix</span> <span class='ocrx_word' id='word_1_191' title='bbox 400 1265 514 1303; x_wconf 84' lang='lat' dir='ltr'>potens</span> <span class='ocrx_word' id='word_1_192' title='bbox 534 1263 721 1296; x_wconf 85' lang='lat' dir='ltr'>coelestium</span> <span class='ocrx_word' id='word_1_193' title='bbox 832 1263 889 1297; x_wconf 87' lang='lat'>12.</span> <span class='ocrx_word' id='word_1_194' title='bbox 915 1260 1116 1298; x_wconf 84' lang='lat' dir='ltr'>Relevamen</span> <span class='ocrx_word' id='word_1_195' title='bbox 1141 1264 1274 1298; x_wconf 85' lang='lat' dir='ltr'>turbato</span> <span class='ocrx_word' id='word_1_196' title='bbox 1300 1265 1408 1298; x_wconf 87' lang='lat' dir='ltr'>tribue</span> 
     </span>
     <span class='ocr_line' id='line_1_25' title="bbox 183 1311 1445 1357; baseline 0.003 -15"><span class='ocrx_word' id='word_1_197' title='bbox 183 1311 292 1352; x_wconf 83' lang='lat' dir='ltr'>Atque</span> <span class='ocrx_word' id='word_1_198' title='bbox 315 1311 371 1343; x_wconf 82' lang='lat' dir='ltr'>lux</span> <span class='ocrx_word' id='word_1_199' title='bbox 390 1312 571 1344; x_wconf 85' lang='lat' dir='ltr'>ornamenti</span> <span class='ocrx_word' id='word_1_200' title='bbox 589 1312 722 1355; x_wconf 87' lang='lat' dir='ltr'>gloriae,</span> <span class='ocrx_word' id='word_1_201' title='bbox 915 1312 959 1345; x_wconf 87' lang='lat' dir='ltr'>Et</span> <span class='ocrx_word' id='word_1_202' title='bbox 986 1321 1119 1352; x_wconf 86' lang='lat' dir='ltr'>opresso</span> <span class='ocrx_word' id='word_1_203' title='bbox 1146 1311 1235 1345; x_wconf 85' lang='lat' dir='ltr'>fastu</span> <span class='ocrx_word' id='word_1_204' title='bbox 1261 1314 1445 1357; x_wconf 71' lang='lat' dir='ltr'>tyrannico,</span> 
     </span>
     <span class='ocr_line' id='line_1_26' title="bbox 183 1358 1426 1402; baseline 0.001 -9"><span class='ocrx_word' id='word_1_205' title='bbox 183 1358 405 1393; x_wconf 75' lang='lat' dir='ltr'>Consortatrix</span> <span class='ocrx_word' id='word_1_206' title='bbox 431 1362 499 1392; x_wconf 87' lang='lat' dir='ltr'>esto</span> <span class='ocrx_word' id='word_1_207' title='bbox 524 1361 737 1402; x_wconf 79' lang='lat' dir='ltr'>pugnantium</span> <span class='ocrx_word' id='word_1_208' title='bbox 914 1361 959 1394; x_wconf 91' lang='lat' dir='ltr'>Ut</span> <span class='ocrx_word' id='word_1_209' title='bbox 986 1361 1113 1402; x_wconf 87' lang='lat' dir='ltr'>quietus</span> <span class='ocrx_word' id='word_1_210' title='bbox 1138 1361 1268 1394; x_wconf 82' lang='lat' dir='ltr'>laudem</span> <span class='ocrx_word' id='word_1_211' title='bbox 1294 1363 1426 1395; x_wconf 83' lang='lat' dir='ltr'>assidue</span> 
     </span>
     <span class='ocr_line' id='line_1_27' title="bbox 181 1406 1462 1444; baseline 0.004 -5"><span class='ocrx_word' id='word_1_212' title='bbox 181 1406 302 1440; x_wconf 74' lang='lat' dir='ltr'>Contra</span> <span class='ocrx_word' id='word_1_213' title='bbox 326 1408 436 1440; x_wconf 85' lang='lat' dir='ltr'>hostes</span> <span class='ocrx_word' id='word_1_214' title='bbox 457 1409 572 1441; x_wconf 80' lang='lat' dir='ltr'>matris</span> <span class='ocrx_word' id='word_1_215' title='bbox 589 1409 756 1444; x_wconf 76' lang='lat' dir='ltr'>ecclesiae.</span> <span class='ocrx_word' id='word_1_216' title='bbox 914 1409 961 1442; x_wconf 86' lang='lat' dir='ltr'>Te</span> <span class='ocrx_word' id='word_1_217' title='bbox 988 1410 1108 1442; x_wconf 77' lang='lat' dir='ltr'>amoris</span> <span class='ocrx_word' id='word_1_218' title='bbox 1133 1413 1164 1442; x_wconf 87' lang='lat' dir='ltr'>et</span> <span class='ocrx_word' id='word_1_219' title='bbox 1187 1411 1298 1443; x_wconf 79' lang='lat' dir='ltr'>laudis</span> <span class='ocrx_word' id='word_1_220' title='bbox 1324 1411 1462 1444; x_wconf 73' lang='lat' dir='ltr'>cantico.</span> 
     </span>
    </p>

    <p class='ocr_par' dir='ltr' id='par_1_10' title="bbox 119 1462 1460 1557">
     <span class='ocr_line' id='line_1_28' title="bbox 119 1462 1365 1513; baseline 0.002 -15"><span class='ocrx_word' id='word_1_221' title='bbox 119 1467 151 1498; x_wconf 87' lang='lat'>5.</span> <span class='ocrx_word' id='word_1_222' title='bbox 179 1462 355 1505; x_wconf 82' lang='lat' dir='ltr'>Apothcca</span> <span class='ocrx_word' id='word_1_223' title='bbox 379 1467 469 1499; x_wconf 74' lang='lat' dir='ltr'>salve</span> <span class='ocrx_word' id='word_1_224' title='bbox 495 1464 641 1511; x_wconf 78' lang='lat' dir='ltr'>mirifica,</span> <span class='ocrx_word' id='word_1_225' title='bbox 832 1468 886 1501; x_wconf 83' lang='lat'>13.</span> <span class='ocrx_word' id='word_1_226' title='bbox 914 1465 1001 1501; x_wconf 84' lang='lat' dir='ltr'>Aula</span> <span class='ocrx_word' id='word_1_227' title='bbox 1027 1470 1097 1501; x_wconf 88' lang='lat' dir='ltr'>sola</span> <span class='ocrx_word' id='word_1_228' title='bbox 1123 1472 1158 1500; x_wconf 90' lang='lat' dir='ltr'>tu</span> <span class='ocrx_word' id='word_1_229' title='bbox 1186 1477 1219 1500; x_wconf 88' lang='lat' dir='ltr'>es</span> <span class='ocrx_word' id='word_1_230' title='bbox 1248 1467 1365 1513; x_wconf 83' lang='lat' dir='ltr'>deifici,</span> 
     </span>
     <span class='ocr_line' id='line_1_29' title="bbox 178 1513 1460 1557; baseline 0.004 -12"><span class='ocrx_word' id='word_1_231' title='bbox 178 1513 248 1553; x_wconf 77' lang='lat' dir='ltr'>Qua</span> <span class='ocrx_word' id='word_1_232' title='bbox 273 1515 428 1546; x_wconf 89' lang='lat' dir='ltr'>virtutum</span> <span class='ocrx_word' id='word_1_233' title='bbox 455 1523 580 1547; x_wconf 80' lang='lat' dir='ltr'>summa</span> <span class='ocrx_word' id='word_1_234' title='bbox 605 1515 755 1549; x_wconf 81' lang='lat' dir='ltr'>recondi-</span> <span class='ocrx_word' id='word_1_235' title='bbox 913 1516 1012 1557; x_wconf 87' lang='lat' dir='ltr'>Cujus</span> <span class='ocrx_word' id='word_1_236' title='bbox 1043 1516 1201 1557; x_wconf 88' lang='lat' dir='ltr'>splendor</span> <span class='ocrx_word' id='word_1_237' title='bbox 1225 1521 1350 1550; x_wconf 83' lang='lat' dir='ltr'>mentes</span> <span class='ocrx_word' id='word_1_238' title='bbox 1377 1518 1460 1551; x_wconf 81' lang='lat' dir='ltr'>irra-</span> 
     </span>
    </p>

    <p class='ocr_par' dir='ltr' id='par_1_11' title="bbox 178 1566 1461 1763">
     <span class='ocr_line' id='line_1_30' title="bbox 523 1566 1306 1608; baseline 0.004 -13"><span class='ocrx_word' id='word_1_239' title='bbox 523 1566 586 1595; x_wconf 83' lang='lat' dir='ltr'>tur.</span> <span class='ocrx_word' id='word_1_240' title='bbox 1227 1566 1306 1608; x_wconf 83' lang='lat' dir='ltr'>diat,</span> 
     </span>
     <span class='ocr_line' id='line_1_31' title="bbox 178 1609 1459 1656; baseline 0.005 -15"><span class='ocrx_word' id='word_1_241' title='bbox 178 1609 271 1642; x_wconf 87' lang='lat' dir='ltr'>Servi</span> <span class='ocrx_word' id='word_1_242' title='bbox 297 1611 343 1642; x_wconf 90' lang='lat' dir='ltr'>tui</span> <span class='ocrx_word' id='word_1_243' title='bbox 370 1620 425 1643; x_wconf 89' lang='lat' dir='ltr'>cor</span> <span class='ocrx_word' id='word_1_244' title='bbox 450 1611 631 1648; x_wconf 75' lang='lat' dir='ltr'>serenifica,</span> <span class='ocrx_word' id='word_1_245' title='bbox 915 1613 964 1646; x_wconf 82' lang='lat' dir='ltr'>Ne</span> <span class='ocrx_word' id='word_1_246' title='bbox 977 1622 1038 1655; x_wconf 81' lang='lat' dir='ltr'>per</span> <span class='ocrx_word' id='word_1_247' title='bbox 1052 1614 1239 1655; x_wconf 83' lang='lat' dir='ltr'>culpamme</span> <span class='ocrx_word' id='word_1_248' title='bbox 1250 1614 1337 1647; x_wconf 83' lang='lat' dir='ltr'>sinas</span> <span class='ocrx_word' id='word_1_249' title='bbox 1348 1614 1459 1656; x_wconf 81' lang='lat' dir='ltr'>abjici,</span> 
     </span>
     <span class='ocr_line' id='line_1_32' title="bbox 178 1658 1461 1704; baseline 0.005 -14"><span class='ocrx_word' id='word_1_250' title='bbox 178 1658 270 1698; x_wconf 81' lang='lat' dir='ltr'>Quod</span> <span class='ocrx_word' id='word_1_251' title='bbox 303 1668 364 1700; x_wconf 85' lang='lat' dir='ltr'>per</span> <span class='ocrx_word' id='word_1_252' title='bbox 398 1660 513 1699; x_wconf 82' lang='lat' dir='ltr'>culpae</span> <span class='ocrx_word' id='word_1_253' title='bbox 547 1659 647 1693; x_wconf 75' lang='lat' dir='ltr'>nubes</span> <span class='ocrx_word' id='word_1_254' title='bbox 680 1670 754 1694; x_wconf 85' lang='lat' dir='ltr'>con·</span> <span class='ocrx_word' id='word_1_255' title='bbox 912 1662 1461 1704; x_wconf 81' lang='lat' dir='ltr'>Quaeutpestiscordacoinquinat.</span> 
     </span>
     <span class='ocr_line' id='line_1_33' title="bbox 524 1707 1458 1763; baseline 0.002 -10"><span class='ocrx_word' id='word_1_256' title='bbox 524 1707 682 1742; x_wconf 61' lang='lat' dir='ltr'>funditur·</span> <span class='ocrx_word' id='word_1_257' title='bbox 829 1721 883 1754; x_wconf 85' lang='lat'>14.</span> <span class='ocrx_word' id='word_1_258' title='bbox 914 1717 1028 1755; x_wconf 81' lang='lat' dir='ltr'>Certae</span> <span class='ocrx_word' id='word_1_259' title='bbox 1055 1719 1162 1754; x_wconf 79' lang='lat' dir='ltr'>famae</span> <span class='ocrx_word' id='word_1_260' title='bbox 1183 1725 1259 1754; x_wconf 86' lang='lat' dir='ltr'>tuae</span> <span class='ocrx_word' id='word_1_261' title='bbox 1274 1719 1458 1763; x_wconf 86' lang='lat' dir='ltr'>flagrantia,</span> 
     </span>
    </p>

    <p class='ocr_par' dir='ltr' id='par_1_12' title="bbox 117 1762 1425 1811">
     <span class='ocr_line' id='line_1_34' title="bbox 117 1762 1425 1811; baseline 0.003 -12"><span class='ocrx_word' id='word_1_262' title='bbox 117 1767 148 1799; x_wconf 87' lang='lat'>6.</span> <span class='ocrx_word' id='word_1_263' title='bbox 176 1762 333 1799; x_wconf 82' lang='lat' dir='ltr'>Miserere</span> <span class='ocrx_word' id='word_1_264' title='bbox 357 1775 409 1798; x_wconf 89' lang='lat' dir='ltr'>me</span> <span class='ocrx_word' id='word_1_265' title='bbox 435 1770 523 1798; x_wconf 89' lang='lat' dir='ltr'>tuum</span> <span class='ocrx_word' id='word_1_266' title='bbox 550 1766 706 1800; x_wconf 86' lang='lat' dir='ltr'>famulum</span> <span class='ocrx_word' id='word_1_267' title='bbox 912 1769 976 1802; x_wconf 86' lang='lat' dir='ltr'>Suo</span> <span class='ocrx_word' id='word_1_268' title='bbox 1002 1770 1103 1802; x_wconf 77' lang='lat' dir='ltr'>vincit</span> <span class='ocrx_word' id='word_1_269' title='bbox 1130 1770 1230 1802; x_wconf 89' lang='lat' dir='ltr'>odore</span> <span class='ocrx_word' id='word_1_270' title='bbox 1255 1770 1425 1811; x_wconf 86' lang='lat' dir='ltr'>bdellium,</span> 
     </span>
    </p>

    <p class='ocr_par' dir='ltr' id='par_1_13' title="bbox 174 1814 1458 2016">
     <span class='ocr_line' id='line_1_35' title="bbox 175 1814 1457 1859; baseline 0.004 -13"><span class='ocrx_word' id='word_1_271' title='bbox 175 1814 253 1847; x_wconf 87' lang='lat' dir='ltr'>Post</span> <span class='ocrx_word' id='word_1_272' title='bbox 287 1817 319 1847; x_wconf 89' lang='lat' dir='ltr'>te</span> <span class='ocrx_word' id='word_1_273' title='bbox 351 1815 559 1848; x_wconf 81' lang='lat' dir='ltr'>anhelantem</span> <span class='ocrx_word' id='word_1_274' title='bbox 596 1824 668 1848; x_wconf 65' lang='lat' dir='ltr'>eum</span> <span class='ocrx_word' id='word_1_275' title='bbox 705 1817 752 1849; x_wconf 82' lang='lat' dir='ltr'>la-</span> <span class='ocrx_word' id='word_1_276' title='bbox 914 1818 988 1850; x_wconf 70' lang='lat' dir='ltr'>Vim</span> <span class='ocrx_word' id='word_1_277' title='bbox 1012 1827 1108 1859; x_wconf 54' lang='lat' dir='ltr'>quesn</span> <span class='ocrx_word' id='word_1_278' title='bbox 1134 1817 1263 1858; x_wconf 81' lang='lat' dir='ltr'>perfert</span> <span class='ocrx_word' id='word_1_279' title='bbox 1280 1822 1386 1852; x_wconf 80' lang='lat' dir='ltr'>mater</span> <span class='ocrx_word' id='word_1_280' title='bbox 1405 1827 1457 1851; x_wconf 86' lang='lat' dir='ltr'>ec-</span> 
     </span>
     <span class='ocr_line' id='line_1_36' title="bbox 524 1865 1334 1903; baseline 0.005 -7"><span class='ocrx_word' id='word_1_281' title='bbox 524 1865 641 1903; x_wconf 67' lang='lat' dir='ltr'>mimis,</span> <span class='ocrx_word' id='word_1_282' title='bbox 1225 1868 1334 1900; x_wconf 85' lang='lat' dir='ltr'>clesia.</span> 
     </span>
     <span class='ocr_line' id='line_1_37' title="bbox 174 1911 1458 1955; baseline 0.005 -12"><span class='ocrx_word' id='word_1_283' title='bbox 174 1911 346 1952; x_wconf 87' lang='lat' dir='ltr'>Abigendo</span> <span class='ocrx_word' id='word_1_284' title='bbox 374 1920 468 1945; x_wconf 87' lang='lat' dir='ltr'>omne</span> <span class='ocrx_word' id='word_1_285' title='bbox 491 1913 672 1952; x_wconf 80' lang='lat' dir='ltr'>periculum</span> <span class='ocrx_word' id='word_1_286' title='bbox 910 1915 981 1948; x_wconf 79' lang='lat' dir='ltr'>Tua</span> <span class='ocrx_word' id='word_1_287' title='bbox 1012 1924 1111 1955; x_wconf 81' lang='lat' dir='ltr'>prece</span> <span class='ocrx_word' id='word_1_288' title='bbox 1136 1924 1248 1955; x_wconf 83' lang='lat' dir='ltr'>preme</span> <span class='ocrx_word' id='word_1_289' title='bbox 1274 1916 1458 1951; x_wconf 85' lang='lat' dir='ltr'>rebellium.</span> 
     </span>
     <span class='ocr_line' id='line_1_38' title="bbox 176 1960 1287 2016; baseline 0.005 -25"><span class='ocrx_word' id='word_1_290' title='bbox 176 1960 205 1991; x_wconf 81' lang='lat' dir='ltr'>A</span> <span class='ocrx_word' id='word_1_291' title='bbox 230 1969 282 1992; x_wconf 89' lang='lat' dir='ltr'>me</span> <span class='ocrx_word' id='word_1_292' title='bbox 308 1969 442 2001; x_wconf 74' lang='lat' dir='ltr'>precum</span> <span class='ocrx_word' id='word_1_293' title='bbox 459 1963 588 1994; x_wconf 83' lang='lat' dir='ltr'>tuarum</span> <span class='ocrx_word' id='word_1_294' title='bbox 602 1962 753 1995; x_wconf 68' lang='lat' dir='ltr'>victimis</span> <span class='ocrx_word' id='word_1_295' title='bbox 828 1973 884 2006; x_wconf 44' lang='lat'>15,</span> <span class='ocrx_word' id='word_1_296' title='bbox 912 1969 1122 2007; x_wconf 64' lang='lat' dir='ltr'>Infeficitaffig</span> <span class='ocrx_word' id='word_1_297' title='bbox 1149 1975 1287 2016; x_wconf 57' lang='lat' dir='ltr'>gang-me</span> 
     </span>
    </p>

    <p class='ocr_par' dir='ltr' id='par_1_14' title="bbox 116 2014 1461 2202">
     <span class='ocr_line' id='line_1_39' title="bbox 116 2014 1461 2063; baseline 0.004 -13"><span class='ocrx_word' id='word_1_298' title='bbox 116 2018 147 2052; x_wconf 83' lang='lat'>7.</span> <span class='ocrx_word' id='word_1_299' title='bbox 174 2014 277 2058; x_wconf 86' lang='lat' dir='ltr'>Apud</span> <span class='ocrx_word' id='word_1_300' title='bbox 303 2022 394 2050; x_wconf 87' lang='lat' dir='ltr'>tuum</span> <span class='ocrx_word' id='word_1_301' title='bbox 421 2019 563 2060; x_wconf 85' lang='lat' dir='ltr'>digneris</span> <span class='ocrx_word' id='word_1_302' title='bbox 590 2018 692 2052; x_wconf 89' lang='lat' dir='ltr'>filium</span> <span class='ocrx_word' id='word_1_303' title='bbox 911 2022 967 2054; x_wconf 87' lang='lat' dir='ltr'>Me</span> <span class='ocrx_word' id='word_1_304' title='bbox 983 2026 1141 2062; x_wconf 86' lang='lat' dir='ltr'>opertum,</span> <span class='ocrx_word' id='word_1_305' title='bbox 1162 2032 1291 2063; x_wconf 82' lang='lat' dir='ltr'>precor,</span> <span class='ocrx_word' id='word_1_306' title='bbox 1310 2023 1461 2056; x_wconf 80' lang='lat' dir='ltr'>illumina</span> 
     </span>
     <span class='ocr_line' id='line_1_40' title="bbox 176 2064 1456 2113; baseline 0.005 -15"><span class='ocrx_word' id='word_1_307' title='bbox 176 2066 372 2100; x_wconf 86' lang='lat' dir='ltr'>Promovere</span> <span class='ocrx_word' id='word_1_308' title='bbox 397 2068 461 2101; x_wconf 89' lang='lat' dir='ltr'>tuis</span> <span class='ocrx_word' id='word_1_309' title='bbox 487 2064 718 2113; x_wconf 82' lang='lat' dir='ltr'>prec[at]ibus‚</span> <span class='ocrx_word' id='word_1_310' title='bbox 910 2070 954 2102; x_wconf 87' lang='lat' dir='ltr'>Et</span> <span class='ocrx_word' id='word_1_311' title='bbox 981 2071 1121 2104; x_wconf 84' lang='lat' dir='ltr'>solutum</span> <span class='ocrx_word' id='word_1_312' title='bbox 1147 2071 1188 2103; x_wconf 84' lang='lat' dir='ltr'>ab</span> <span class='ocrx_word' id='word_1_313' title='bbox 1214 2072 1302 2104; x_wconf 88' lang='lat' dir='ltr'>omni</span> <span class='ocrx_word' id='word_1_314' title='bbox 1321 2072 1456 2105; x_wconf 86' lang='lat' dir='ltr'>crimine</span> 
     </span>
     <span class='ocr_line' id='line_1_41' title="bbox 173 2114 1456 2156; baseline 0.005 -10"><span class='ocrx_word' id='word_1_315' title='bbox 173 2114 231 2147; x_wconf 81' lang='lat' dir='ltr'>Uti</span> <span class='ocrx_word' id='word_1_316' title='bbox 255 2115 335 2148; x_wconf 86' lang='lat' dir='ltr'>mihi</span> <span class='ocrx_word' id='word_1_317' title='bbox 359 2118 506 2156; x_wconf 81' lang='lat' dir='ltr'>praestet</span> <span class='ocrx_word' id='word_1_318' title='bbox 531 2117 687 2151; x_wconf 79' lang='lat' dir='ltr'>auxilium</span> <span class='ocrx_word' id='word_1_319' title='bbox 911 2119 965 2152; x_wconf 77' lang='lat' dir='ltr'>Act</span> <span class='ocrx_word' id='word_1_320' title='bbox 1000 2120 1163 2152; x_wconf 76' lang='lat' dir='ltr'>coelorum</span> <span class='ocrx_word' id='word_1_321' title='bbox 1195 2129 1246 2152; x_wconf 88' lang='lat' dir='ltr'>1ne</span> <span class='ocrx_word' id='word_1_322' title='bbox 1274 2119 1335 2152; x_wconf 83' lang='lat' dir='ltr'>duc</span> <span class='ocrx_word' id='word_1_323' title='bbox 1363 2129 1456 2153; x_wconf 81' lang='lat' dir='ltr'>cacu-</span> 
     </span>
     <span class='ocr_line' id='line_1_42' title="bbox 175 2163 1320 2202; baseline 0.005 -7"><span class='ocrx_word' id='word_1_324' title='bbox 175 2163 348 2197; x_wconf 85' lang='lat' dir='ltr'>Oberranti</span> <span class='ocrx_word' id='word_1_325' title='bbox 372 2165 407 2197; x_wconf 91' lang='lat' dir='ltr'>in</span> <span class='ocrx_word' id='word_1_326' title='bbox 423 2166 536 2198; x_wconf 89' lang='lat' dir='ltr'>mundi</span> <span class='ocrx_word' id='word_1_327' title='bbox 554 2165 715 2200; x_wconf 84' lang='lat' dir='ltr'>fiuctibus.</span> <span class='ocrx_word' id='word_1_328' title='bbox 1222 2169 1320 2202; x_wconf 83' lang='lat' dir='ltr'>mina.</span> 
     </span>
    </p>

    <p class='ocr_par' dir='ltr' id='par_1_15' title="bbox 113 2218 1454 2365">
     <span class='ocr_line' id='line_1_43' title="bbox 113 2218 1400 2268; baseline 0.004 -13"><span class='ocrx_word' id='word_1_329' title='bbox 113 2222 145 2256; x_wconf 85' lang='lat'>8.</span> <span class='ocrx_word' id='word_1_330' title='bbox 174 2218 224 2254; x_wconf 82' lang='lat' dir='ltr'>Tu</span> <span class='ocrx_word' id='word_1_331' title='bbox 249 2231 282 2255; x_wconf 69' lang='lat' dir='ltr'>es</span> <span class='ocrx_word' id='word_1_332' title='bbox 309 2222 418 2265; x_wconf 86' lang='lat' dir='ltr'>virgo,</span> <span class='ocrx_word' id='word_1_333' title='bbox 444 2223 478 2256; x_wconf 90' lang='lat' dir='ltr'>in</span> <span class='ocrx_word' id='word_1_334' title='bbox 507 2225 596 2264; x_wconf 84' lang='lat' dir='ltr'>cujus</span> <span class='ocrx_word' id='word_1_335' title='bbox 621 2227 714 2258; x_wconf 88' lang='lat' dir='ltr'>utero</span> <span class='ocrx_word' id='word_1_336' title='bbox 827 2226 883 2259; x_wconf 82' lang='lat'>16.</span> <span class='ocrx_word' id='word_1_337' title='bbox 911 2222 1007 2264; x_wconf 70' lang='lat' dir='ltr'>Ecce,</span> <span class='ocrx_word' id='word_1_338' title='bbox 1033 2226 1137 2267; x_wconf 77' lang='lat' dir='ltr'>virgo,</span> <span class='ocrx_word' id='word_1_339' title='bbox 1163 2227 1227 2259; x_wconf 86' lang='lat' dir='ltr'>tuis</span> <span class='ocrx_word' id='word_1_340' title='bbox 1254 2227 1400 2268; x_wconf 84' lang='lat' dir='ltr'>vestigiis</span> 
     </span>
     <span class='ocr_line' id='line_1_44' title="bbox 172 2270 1453 2320; baseline 0.005 -18"><span class='ocrx_word' id='word_1_341' title='bbox 172 2270 235 2303; x_wconf 88' lang='lat' dir='ltr'>Dei</span> <span class='ocrx_word' id='word_1_342' title='bbox 261 2272 363 2303; x_wconf 84' lang='lat' dir='ltr'>virtus</span> <span class='ocrx_word' id='word_1_343' title='bbox 392 2280 464 2305; x_wconf 85' lang='lat' dir='ltr'>sese</span> <span class='ocrx_word' id='word_1_344' title='bbox 489 2272 639 2316; x_wconf 88' lang='lat' dir='ltr'>occuluit,</span> <span class='ocrx_word' id='word_1_345' title='bbox 910 2274 1125 2315; x_wconf 79' lang='lat' dir='ltr'>Deprecando</span> <span class='ocrx_word' id='word_1_346' title='bbox 1138 2276 1279 2316; x_wconf 84' lang='lat' dir='ltr'>supplex</span> <span class='ocrx_word' id='word_1_347' title='bbox 1288 2275 1453 2320; x_wconf 83' lang='lat' dir='ltr'>inhaereo,</span> 
     </span>
     <span class='ocr_line' id='line_1_45' title="bbox 175 2318 1454 2365; baseline 0.006 -15"><span class='ocrx_word' id='word_1_348' title='bbox 175 2318 275 2352; x_wconf 81' lang='lat' dir='ltr'>Servo</span> <span class='ocrx_word' id='word_1_349' title='bbox 301 2324 356 2352; x_wconf 87' lang='lat' dir='ltr'>tuo</span> <span class='ocrx_word' id='word_1_350' title='bbox 382 2330 535 2354; x_wconf 85' lang='lat' dir='ltr'>succurre</span> <span class='ocrx_word' id='word_1_351' title='bbox 560 2321 688 2365; x_wconf 87' lang='lat' dir='ltr'>misero,</span> <span class='ocrx_word' id='word_1_352' title='bbox 911 2322 955 2355; x_wconf 87' lang='lat' dir='ltr'>Ut</span> <span class='ocrx_word' id='word_1_353' title='bbox 981 2331 1031 2355; x_wconf 88' lang='lat' dir='ltr'>me</span> <span class='ocrx_word' id='word_1_354' title='bbox 1057 2331 1167 2356; x_wconf 85' lang='lat' dir='ltr'>serves</span> <span class='ocrx_word' id='word_1_355' title='bbox 1194 2324 1258 2357; x_wconf 88' lang='lat' dir='ltr'>tuis</span> <span class='ocrx_word' id='word_1_356' title='bbox 1280 2325 1454 2364; x_wconf 75' lang='lat' dir='ltr'>praesidiis</span> 
     </span>
    </p>
   </div>
   <div class='ocr_carea' id='block_1_6' title="bbox 173 2366 1428 2414">
    <p class='ocr_par' dir='ltr' id='par_1_16' title="bbox 173 2366 1428 2414">
     <span class='ocr_line' id='line_1_46' title="bbox 173 2366 1428 2414; baseline 0.006 -15"><span class='ocrx_word' id='word_1_357' title='bbox 173 2366 234 2406; x_wconf 76' lang='lat' dir='ltr'>Qui</span> <span class='ocrx_word' id='word_1_358' title='bbox 259 2377 318 2409; x_wconf 80' lang='lat' dir='ltr'>per</span> <span class='ocrx_word' id='word_1_359' title='bbox 335 2370 441 2403; x_wconf 81' lang='lat' dir='ltr'>scelus</span> <span class='ocrx_word' id='word_1_360' title='bbox 458 2371 555 2403; x_wconf 80' lang='lat' dir='ltr'>modo</span> <span class='ocrx_word' id='word_1_361' title='bbox 574 2370 753 2404; x_wconf 80' lang='lat' dir='ltr'>contabuit.</span> <span class='ocrx_word' id='word_1_362' title='bbox 910 2371 963 2403; x_wconf 80' lang='lat' dir='ltr'>Ab</span> <span class='ocrx_word' id='word_1_363' title='bbox 991 2370 1114 2404; x_wconf 78' lang='lat' dir='ltr'>inferni</span> <span class='ocrx_word' id='word_1_364' title='bbox 1138 2371 1212 2413; x_wconf 80' lang='lat' dir='ltr'>igne</span> <span class='ocrx_word' id='word_1_365' title='bbox 1238 2373 1428 2414; x_wconf 78' lang='lat' dir='ltr'>sulphureo.</span> 
     </span>
    </p>
   </div>
  </div>
 </body>
</html>
