<?xml version="1.0" encoding="UTF-8"?>
<!DOCTYPE html PUBLIC "-//W3C//DTD XHTML 1.0 Transitional//EN"
    "http://www.w3.org/TR/xhtml1/DTD/xhtml1-transitional.dtd">
<html xmlns="http://www.w3.org/1999/xhtml" xml:lang="en" lang="en">
 <head>
  <title>
</title>
<meta http-equiv="Content-Type" content="text/html;charset=utf-8" />
  <meta name='ocr-system' content='tesseract 3.04.00' />
  <meta name='ocr-capabilities' content='ocr_page ocr_carea ocr_par ocr_line ocrx_word'/>
</head>
<body>
  <div class='ocr_page' id='page_1' title='image "./analectahymnica06drevuoft_00111.png"; bbox 0 0 1656 2674; ppageno 0'>
   <div class='ocr_carea' id='block_1_1' title="bbox 139 174 217 207">
    <p class='ocr_par' dir='ltr' id='par_1_1' title="bbox 139 174 217 207">
     <span class='ocr_line' id='line_1_1' title="bbox 139 174 217 207; baseline 0.013 -1"><span class='ocrx_word' id='word_1_1' title='bbox 139 174 217 207; x_wconf 86' lang='lat'>201.</span> 
     </span>
    </p>
   </div>
   <div class='ocr_carea' id='block_1_2' title="bbox 139 566 219 600">
    <p class='ocr_par' dir='ltr' id='par_1_2' title="bbox 139 566 219 600">
     <span class='ocr_line' id='line_1_2' title="bbox 139 566 219 600; baseline -0.025 0"><span class='ocrx_word' id='word_1_2' title='bbox 139 566 219 600; x_wconf 80' lang='lat'>202.</span> 
     </span>
    </p>
   </div>
   <div class='ocr_carea' id='block_1_3' title="bbox 139 963 219 996">
    <p class='ocr_par' dir='ltr' id='par_1_3' title="bbox 139 963 219 996">
     <span class='ocr_line' id='line_1_3' title="bbox 139 963 219 996; baseline -0.025 0"><span class='ocrx_word' id='word_1_3' title='bbox 139 963 219 996; x_wconf 85' lang='lat'>203.</span> 
     </span>
    </p>
   </div>
   <div class='ocr_carea' id='block_1_4' title="bbox 141 1359 223 1393">
    <p class='ocr_par' dir='ltr' id='par_1_4' title="bbox 141 1359 223 1393">
     <span class='ocr_line' id='line_1_4' title="bbox 141 1359 223 1393; baseline 0 -1"><span class='ocrx_word' id='word_1_4' title='bbox 141 1359 223 1393; x_wconf 79' lang='lat'>204.</span> 
     </span>
    </p>
   </div>
   <div class='ocr_carea' id='block_1_5' title="bbox 143 1759 223 1793">
    <p class='ocr_par' dir='ltr' id='par_1_5' title="bbox 143 1759 223 1793">
     <span class='ocr_line' id='line_1_5' title="bbox 143 1759 223 1793; baseline 0.025 -2"><span class='ocrx_word' id='word_1_5' title='bbox 143 1759 223 1793; x_wconf 83' lang='lat'>205.</span> 
     </span>
    </p>
   </div>
   <div class='ocr_carea' id='block_1_6' title="bbox 674 3 939 40">
    <p class='ocr_par' dir='ltr' id='par_1_6' title="bbox 674 3 939 40">
     <span class='ocr_line' id='line_1_6' title="bbox 674 3 939 40; baseline -0.008 0"><span class='ocrx_word' id='word_1_6' title='bbox 674 3 939 40; x_wconf 79' lang='lat'>—108—</span> 
     </span>
    </p>
   </div>
   <div class='ocr_carea' id='block_1_7' title="bbox 245 168 723 548">
    <p class='ocr_par' dir='ltr' id='par_1_7' title="bbox 246 168 687 256">
     <span class='ocr_line' id='line_1_7' title="bbox 246 168 687 212; baseline -0.016 -6"><span class='ocrx_word' id='word_1_7' title='bbox 246 171 370 212; x_wconf 83' lang='lat' dir='ltr'>Gaude,</span> <span class='ocrx_word' id='word_1_8' title='bbox 396 169 536 210; x_wconf 86' lang='lat' dir='ltr'>pulchra</span> <span class='ocrx_word' id='word_1_9' title='bbox 559 168 687 209; x_wconf 86' lang='lat' dir='ltr'>mulier,</span> 
     </span>
     <span class='ocr_line' id='line_1_8' title="bbox 295 216 640 256; baseline -0.014 -4"><span class='ocrx_word' id='word_1_10' title='bbox 295 219 371 252; x_wconf 82' lang='lat' dir='ltr'>Sole</span> <span class='ocrx_word' id='word_1_11' title='bbox 396 221 485 250; x_wconf 85' lang='lat' dir='ltr'>stans</span> <span class='ocrx_word' id='word_1_12' title='bbox 512 216 640 256; x_wconf 82' lang='lat' dir='ltr'>amictu,</span> 
     </span>
    </p>

    <p class='ocr_par' dir='ltr' id='par_1_8' title="bbox 245 264 723 354">
     <span class='ocr_line' id='line_1_9' title="bbox 245 264 723 307; baseline -0.008 -7"><span class='ocrx_word' id='word_1_13' title='bbox 245 268 296 300; x_wconf 90' lang='lat' dir='ltr'>De</span> <span class='ocrx_word' id='word_1_14' title='bbox 321 275 384 307; x_wconf 85' lang='lat' dir='ltr'>qua</span> <span class='ocrx_word' id='word_1_15' title='bbox 409 271 485 299; x_wconf 76' lang='lat' dir='ltr'>sunt</span> <span class='ocrx_word' id='word_1_16' title='bbox 511 264 723 297; x_wconf 82' lang='lat' dir='ltr'>communiter</span> 
     </span>
     <span class='ocr_line' id='line_1_10' title="bbox 296 313 570 354; baseline -0.011 -6"><span class='ocrx_word' id='word_1_17' title='bbox 296 313 446 348; x_wconf 83' lang='lat' dir='ltr'>Gloriosa</span> <span class='ocrx_word' id='word_1_18' title='bbox 472 313 570 354; x_wconf 86' lang='lat' dir='ltr'>dicta,</span> 
     </span>
    </p>

    <p class='ocr_par' dir='ltr' id='par_1_9' title="bbox 246 361 611 450">
     <span class='ocr_line' id='line_1_11' title="bbox 246 361 591 404; baseline -0.003 -9"><span class='ocrx_word' id='word_1_19' title='bbox 246 362 389 395; x_wconf 77' lang='lat' dir='ltr'><strong>Petimus</strong></span> <span class='ocrx_word' id='word_1_20' title='bbox 415 361 591 404; x_wconf 86' lang='lat' dir='ltr'>humiliter,</span> 
     </span>
     <span class='ocr_line' id='line_1_12' title="bbox 294 409 611 450; baseline -0.003 -7"><span class='ocrx_word' id='word_1_21' title='bbox 294 410 404 443; x_wconf 81' lang='lat' dir='ltr'>Mater</span> <span class='ocrx_word' id='word_1_22' title='bbox 426 409 611 450; x_wconf 81' lang='lat' dir='ltr'>benedicta,</span> 
     </span>
    </p>

    <p class='ocr_par' dir='ltr' id='par_1_10' title="bbox 245 458 642 548">
     <span class='ocr_line' id='line_1_13' title="bbox 245 458 642 498; baseline -0.005 -7"><span class='ocrx_word' id='word_1_23' title='bbox 245 458 368 491; x_wconf 81' lang='lat' dir='ltr'>Nostra</span> <span class='ocrx_word' id='word_1_24' title='bbox 393 459 477 491; x_wconf 82' lang='lat' dir='ltr'>solvi</span> <span class='ocrx_word' id='word_1_25' title='bbox 500 458 642 498; x_wconf 79' lang='lat' dir='ltr'>pleniter</span> 
     </span>
     <span class='ocr_line' id='line_1_14' title="bbox 294 506 614 548; baseline 0 -9"><span class='ocrx_word' id='word_1_26' title='bbox 294 508 456 548; x_wconf 83' lang='lat' dir='ltr'>Impetres</span> <span class='ocrx_word' id='word_1_27' title='bbox 484 506 614 539; x_wconf 83' lang='lat' dir='ltr'>delicta.</span> 
     </span>
    </p>
   </div>
   <div class='ocr_carea' id='block_1_8' title="bbox 247 564 739 945">
    <p class='ocr_par' dir='ltr' id='par_1_11' title="bbox 249 564 739 654">
     <span class='ocr_line' id='line_1_15' title="bbox 249 564 739 606; baseline -0.002 -9"><span class='ocrx_word' id='word_1_28' title='bbox 249 564 373 605; x_wconf 82' lang='lat' dir='ltr'>Gaude,</span> <span class='ocrx_word' id='word_1_29' title='bbox 401 573 482 605; x_wconf 88' lang='lat' dir='ltr'>quae</span> <span class='ocrx_word' id='word_1_30' title='bbox 506 573 570 597; x_wconf 91' lang='lat' dir='ltr'>non</span> <span class='ocrx_word' id='word_1_31' title='bbox 599 564 739 606; x_wconf 83' lang='lat' dir='ltr'>despicis</span> 
     </span>
     <span class='ocr_line' id='line_1_16' title="bbox 295 613 734 654; baseline 0 -9"><span class='ocrx_word' id='word_1_32' title='bbox 295 613 492 653; x_wconf 68' lang='lat' dir='ltr'>Quemquam</span> <span class='ocrx_word' id='word_1_33' title='bbox 519 616 734 654; x_wconf 73' lang='lat' dir='ltr'>peccatorem,</span> 
     </span>
    </p>

    <p class='ocr_par' dir='ltr' id='par_1_12' title="bbox 247 661 674 743">
     <span class='ocr_line' id='line_1_17' title="bbox 247 661 638 703; baseline 0 -9"><span class='ocrx_word' id='word_1_34' title='bbox 247 661 313 694; x_wconf 89' lang='lat' dir='ltr'>Sed</span> <span class='ocrx_word' id='word_1_35' title='bbox 338 661 477 702; x_wconf 83' lang='lat' dir='ltr'>benigne</span> <span class='ocrx_word' id='word_1_36' title='bbox 501 662 638 703; x_wconf 77' lang='lat' dir='ltr'>respicis</span> 
     </span>
     <span class='ocr_line' id='line_1_18' title="bbox 295 710 674 743; baseline 0 0"><span class='ocrx_word' id='word_1_37' title='bbox 295 710 426 743; x_wconf 71' lang='lat' dir='ltr'>Ducens</span> <span class='ocrx_word' id='word_1_38' title='bbox 453 712 496 743; x_wconf 85' lang='lat' dir='ltr'>ad</span> <span class='ocrx_word' id='word_1_39' title='bbox 521 719 674 743; x_wconf 80' lang='lat' dir='ltr'>amorem.</span> 
     </span>
    </p>

    <p class='ocr_par' dir='ltr' id='par_1_13' title="bbox 247 758 636 849">
     <span class='ocr_line' id='line_1_19' title="bbox 247 758 593 800; baseline 0 -9"><span class='ocrx_word' id='word_1_40' title='bbox 247 758 309 791; x_wconf 77' lang='lat' dir='ltr'>Pia</span> <span class='ocrx_word' id='word_1_41' title='bbox 332 762 446 800; x_wconf 83' lang='lat' dir='ltr'>mater,</span> <span class='ocrx_word' id='word_1_42' title='bbox 472 759 593 800; x_wconf 75' lang='lat' dir='ltr'>judicis</span> 
     </span>
     <span class='ocr_line' id='line_1_20' title="bbox 294 806 636 849; baseline -0.003 -9"><span class='ocrx_word' id='word_1_43' title='bbox 294 808 457 848; x_wconf 70' lang='lat' dir='ltr'>&#39;sempera</span> <span class='ocrx_word' id='word_1_44' title='bbox 481 806 636 849; x_wconf 75' lang='lat' dir='ltr'>furorem,</span> 
     </span>
    </p>

    <p class='ocr_par' dir='ltr' id='par_1_14' title="bbox 247 855 695 945">
     <span class='ocr_line' id='line_1_21' title="bbox 247 855 695 897; baseline 0.004 -10"><span class='ocrx_word' id='word_1_45' title='bbox 247 855 316 888; x_wconf 79' lang='lat' dir='ltr'>Nos</span> <span class='ocrx_word' id='word_1_46' title='bbox 344 856 540 897; x_wconf 82' lang='lat' dir='ltr'>conjungens</span> <span class='ocrx_word' id='word_1_47' title='bbox 566 856 695 889; x_wconf 81' lang='lat' dir='ltr'>coelicis</span> 
     </span>
     <span class='ocr_line' id='line_1_22' title="bbox 294 903 694 945; baseline 0 -9"><span class='ocrx_word' id='word_1_48' title='bbox 294 903 413 937; x_wconf 81' lang='lat' dir='ltr'>Mundi</span> <span class='ocrx_word' id='word_1_49' title='bbox 437 907 515 945; x_wconf 86' lang='lat' dir='ltr'>post</span> <span class='ocrx_word' id='word_1_50' title='bbox 539 904 694 938; x_wconf 81' lang='lat' dir='ltr'>laborem.</span> 
     </span>
    </p>
   </div>
   <div class='ocr_carea' id='block_1_9' title="bbox 247 961 698 1338">
    <p class='ocr_par' dir='ltr' id='par_1_15' title="bbox 247 961 698 1338">
     <span class='ocr_line' id='line_1_23' title="bbox 250 961 646 1004; baseline 0.003 -10"><span class='ocrx_word' id='word_1_51' title='bbox 250 961 375 1003; x_wconf 84' lang='lat' dir='ltr'>Gaude,</span> <span class='ocrx_word' id='word_1_52' title='bbox 401 962 486 996; x_wconf 83' lang='lat' dir='ltr'>silex</span> <span class='ocrx_word' id='word_1_53' title='bbox 510 963 646 1004; x_wconf 85' lang='lat' dir='ltr'>largiter</span> 
     </span>
     <span class='ocr_line' id='line_1_24' title="bbox 296 1010 698 1051; baseline 0.002 -9"><span class='ocrx_word' id='word_1_54' title='bbox 296 1011 409 1051; x_wconf 75' lang='lat' dir='ltr'>Aquas</span> <span class='ocrx_word' id='word_1_55' title='bbox 435 1010 575 1045; x_wconf 81' lang='lat' dir='ltr'>fundens</span> <span class='ocrx_word' id='word_1_56' title='bbox 600 1013 698 1050; x_wconf 74' lang='lat' dir='ltr'>vitae,</span> 
     </span>
     <span class='ocr_line' id='line_1_25' title="bbox 247 1058 685 1101; baseline 0.007 -11"><span class='ocrx_word' id='word_1_57' title='bbox 247 1058 333 1091; x_wconf 81' lang='lat' dir='ltr'>Nam</span> <span class='ocrx_word' id='word_1_58' title='bbox 357 1059 471 1092; x_wconf 78' lang='lat' dir='ltr'>vivunt</span> <span class='ocrx_word' id='word_1_59' title='bbox 495 1061 685 1101; x_wconf 70' lang='lat' dir='ltr'>perenniter</span> 
     </span>
     <span class='ocr_line' id='line_1_26' title="bbox 295 1107 620 1150; baseline 0.003 -10"><span class='ocrx_word' id='word_1_60' title='bbox 295 1107 369 1140; x_wconf 87' lang='lat' dir='ltr'>Hac</span> <span class='ocrx_word' id='word_1_61' title='bbox 393 1110 522 1142; x_wconf 82' lang='lat' dir='ltr'>utentes</span> <span class='ocrx_word' id='word_1_62' title='bbox 547 1109 620 1150; x_wconf 84' lang='lat' dir='ltr'>rite,</span> 
     </span>
     <span class='ocr_line' id='line_1_27' title="bbox 248 1156 596 1190; baseline 0.003 -1"><span class='ocrx_word' id='word_1_63' title='bbox 248 1156 339 1189; x_wconf 74' lang='lat' dir='ltr'>Voca</span> <span class='ocrx_word' id='word_1_64' title='bbox 361 1166 420 1189; x_wconf 89' lang='lat' dir='ltr'>nos</span> <span class='ocrx_word' id='word_1_65' title='bbox 445 1158 596 1190; x_wconf 77' lang='lat' dir='ltr'>hilariter</span> 
     </span>
     <span class='ocr_line' id='line_1_28' title="bbox 296 1204 680 1244; baseline 0.005 -7"><span class='ocrx_word' id='word_1_66' title='bbox 296 1204 436 1238; x_wconf 84' lang='lat' dir='ltr'>Dicens:</span> <span class='ocrx_word' id='word_1_67' title='bbox 463 1206 537 1240; x_wconf 87' lang='lat' dir='ltr'>Huc</span> <span class='ocrx_word' id='word_1_68' title='bbox 562 1208 680 1244; x_wconf 67' lang='lat' dir='ltr'>venite,</span> 
     </span>
     <span class='ocr_line' id='line_1_29' title="bbox 247 1253 600 1288; baseline 0.008 -3"><span class='ocrx_word' id='word_1_69' title='bbox 247 1253 294 1286; x_wconf 86' lang='lat' dir='ltr'>Et</span> <span class='ocrx_word' id='word_1_70' title='bbox 315 1254 407 1287; x_wconf 80' lang='lat' dir='ltr'>vobis</span> <span class='ocrx_word' id='word_1_71' title='bbox 433 1255 600 1288; x_wconf 87' lang='lat' dir='ltr'>humiliter</span> 
     </span>
     <span class='ocr_line' id='line_1_30' title="bbox 298 1301 592 1338; baseline 0.007 -3"><span class='ocrx_word' id='word_1_72' title='bbox 298 1301 429 1336; x_wconf 78' lang='lat' dir='ltr'>Gratias</span> <span class='ocrx_word' id='word_1_73' title='bbox 455 1304 592 1338; x_wconf 87' lang='lat' dir='ltr'>haurite.</span> 
     </span>
    </p>
   </div>
   <div class='ocr_carea' id='block_1_10' title="bbox 250 1358 736 1738">
    <p class='ocr_par' dir='ltr' id='par_1_16' title="bbox 252 1358 665 1448">
     <span class='ocr_line' id='line_1_31' title="bbox 252 1358 665 1403; baseline 0.01 -11"><span class='ocrx_word' id='word_1_74' title='bbox 252 1358 377 1402; x_wconf 84' lang='lat' dir='ltr'>Gaude,</span> <span class='ocrx_word' id='word_1_75' title='bbox 404 1363 665 1403; x_wconf 77' lang='lat' dir='ltr'>promptuarium</span> 
     </span>
     <span class='ocr_line' id='line_1_32' title="bbox 301 1408 601 1448; baseline 0.007 -7"><span class='ocrx_word' id='word_1_76' title='bbox 301 1408 435 1443; x_wconf 80' lang='lat' dir='ltr'>Gratiae</span> <span class='ocrx_word' id='word_1_77' title='bbox 462 1410 601 1448; x_wconf 76' lang='lat' dir='ltr'>divinae,</span> 
     </span>
    </p>

    <p class='ocr_par' dir='ltr' id='par_1_17' title="bbox 251 1459 736 1551">
     <span class='ocr_line' id='line_1_33' title="bbox 251 1459 736 1501; baseline 0.01 -13"><span class='ocrx_word' id='word_1_78' title='bbox 251 1459 338 1496; x_wconf 76' lang='lat' dir='ltr'>Quae</span> <span class='ocrx_word' id='word_1_79' title='bbox 363 1463 511 1499; x_wconf 82' lang='lat' dir='ltr'>praestas</span> <span class='ocrx_word' id='word_1_80' title='bbox 537 1460 736 1501; x_wconf 86' lang='lat' dir='ltr'>stipendium</span> 
     </span>
     <span class='ocr_line' id='line_1_34' title="bbox 301 1506 646 1551; baseline 0.006 -11"><span class='ocrx_word' id='word_1_81' title='bbox 301 1506 407 1540; x_wconf 80' lang='lat' dir='ltr'>Menti</span> <span class='ocrx_word' id='word_1_82' title='bbox 434 1508 646 1551; x_wconf 83' lang='lat' dir='ltr'>columbinae,</span> 
     </span>
    </p>

    <p class='ocr_par' dir='ltr' id='par_1_18' title="bbox 250 1554 622 1648">
     <span class='ocr_line' id='line_1_35' title="bbox 250 1554 559 1597; baseline 0.01 -10"><span class='ocrx_word' id='word_1_83' title='bbox 250 1554 335 1588; x_wconf 83' lang='lat' dir='ltr'>Mihi</span> <span class='ocrx_word' id='word_1_84' title='bbox 360 1556 559 1597; x_wconf 79' lang='lat' dir='ltr'>adjutorium</span> 
     </span>
     <span class='ocr_line' id='line_1_36' title="bbox 299 1604 622 1648; baseline 0.012 -12"><span class='ocrx_word' id='word_1_85' title='bbox 299 1604 366 1637; x_wconf 88' lang='lat' dir='ltr'>Fer</span> <span class='ocrx_word' id='word_1_86' title='bbox 389 1605 425 1638; x_wconf 84' lang='lat' dir='ltr'>in</span> <span class='ocrx_word' id='word_1_87' title='bbox 449 1615 520 1639; x_wconf 87' lang='lat' dir='ltr'>meo</span> <span class='ocrx_word' id='word_1_88' title='bbox 546 1606 622 1648; x_wconf 86' lang='lat' dir='ltr'>fine,</span> 
     </span>
    </p>

    <p class='ocr_par' dir='ltr' id='par_1_19' title="bbox 251 1653 645 1738">
     <span class='ocr_line' id='line_1_37' title="bbox 251 1653 629 1689; baseline 0.011 -4"><span class='ocrx_word' id='word_1_89' title='bbox 251 1653 302 1685; x_wconf 84' lang='lat' dir='ltr'>Ac</span> <span class='ocrx_word' id='word_1_90' title='bbox 325 1654 465 1688; x_wconf 84' lang='lat' dir='ltr'>insultus</span> <span class='ocrx_word' id='word_1_91' title='bbox 489 1656 629 1689; x_wconf 83' lang='lat' dir='ltr'>hostium</span> 
     </span>
     <span class='ocr_line' id='line_1_38' title="bbox 302 1701 645 1738; baseline 0.012 -4"><span class='ocrx_word' id='word_1_92' title='bbox 302 1701 452 1736; x_wconf 84' lang='lat' dir='ltr'>Laedere</span> <span class='ocrx_word' id='word_1_93' title='bbox 475 1714 541 1737; x_wconf 86' lang='lat' dir='ltr'>non</span> <span class='ocrx_word' id='word_1_94' title='bbox 565 1705 645 1738; x_wconf 85' lang='lat' dir='ltr'>sine.</span> 
     </span>
    </p>
   </div>
   <div class='ocr_carea' id='block_1_11' title="bbox 251 1758 697 2136">
    <p class='ocr_par' dir='ltr' id='par_1_20' title="bbox 254 1758 697 1852">
     <span class='ocr_line' id='line_1_39' title="bbox 254 1758 697 1805; baseline 0.009 -13"><span class='ocrx_word' id='word_1_95' title='bbox 254 1758 378 1802; x_wconf 82' lang='lat' dir='ltr'>Gaude,</span> <span class='ocrx_word' id='word_1_96' title='bbox 406 1771 529 1804; x_wconf 63' lang='lat' dir='ltr'>satiens,</span> <span class='ocrx_word' id='word_1_97' title='bbox 555 1764 697 1805; x_wconf 87' lang='lat' dir='ltr'>pretium</span> 
     </span>
     <span class='ocr_line' id='line_1_40' title="bbox 302 1812 654 1852; baseline 0.006 -10"><span class='ocrx_word' id='word_1_98' title='bbox 302 1812 393 1848; x_wconf 76' lang='lat' dir='ltr'>Quod</span> <span class='ocrx_word' id='word_1_99' title='bbox 419 1812 654 1852; x_wconf 81' lang='lat' dir='ltr'>redemptionis</span> 
     </span>
    </p>

    <p class='ocr_par' dir='ltr' id='par_1_21' title="bbox 253 1857 669 1949">
     <span class='ocr_line' id='line_1_41' title="bbox 253 1857 669 1894; baseline 0.002 -3"><span class='ocrx_word' id='word_1_100' title='bbox 253 1857 399 1892; x_wconf 85' lang='lat' dir='ltr'>Servasti</span> <span class='ocrx_word' id='word_1_101' title='bbox 427 1861 479 1893; x_wconf 79' lang='lat' dir='ltr'>vel</span> <span class='ocrx_word' id='word_1_102' title='bbox 504 1860 669 1894; x_wconf 88' lang='lat' dir='ltr'>homiuum</span> 
     </span>
     <span class='ocr_line' id='line_1_42' title="bbox 301 1905 533 1949; baseline 0.009 -10"><span class='ocrx_word' id='word_1_103' title='bbox 301 1905 533 1949; x_wconf 82' lang='lat' dir='ltr'>Liberationis,</span> 
     </span>
    </p>

    <p class='ocr_par' dir='ltr' id='par_1_22' title="bbox 252 1953 591 2045">
     <span class='ocr_line' id='line_1_43' title="bbox 252 1953 572 1990; baseline 0.013 -4"><span class='ocrx_word' id='word_1_104' title='bbox 252 1953 352 1987; x_wconf 81' lang='lat' dir='ltr'>Fanti</span> <span class='ocrx_word' id='word_1_105' title='bbox 375 1955 572 1990; x_wconf 72' lang='lat' dir='ltr'>famulitium</span> 
     </span>
     <span class='ocr_line' id='line_1_44' title="bbox 300 2003 591 2045; baseline 0.014 -10"><span class='ocrx_word' id='word_1_106' title='bbox 300 2003 406 2045; x_wconf 81' lang='lat' dir='ltr'>Hujus</span> <span class='ocrx_word' id='word_1_107' title='bbox 434 2007 591 2039; x_wconf 84' lang='lat' dir='ltr'>cantionis</span> 
     </span>
    </p>

    <p class='ocr_par' dir='ltr' id='par_1_23' title="bbox 251 2052 656 2136">
     <span class='ocr_line' id='line_1_45' title="bbox 251 2052 656 2095; baseline 0.01 -11"><span class='ocrx_word' id='word_1_108' title='bbox 251 2052 303 2084; x_wconf 84' lang='lat' dir='ltr'>Tu</span> <span class='ocrx_word' id='word_1_109' title='bbox 328 2053 450 2094; x_wconf 86' lang='lat' dir='ltr'>largire</span> <span class='ocrx_word' id='word_1_110' title='bbox 475 2055 656 2095; x_wconf 87' lang='lat' dir='ltr'>praemium</span> 
     </span>
     <span class='ocr_line' id='line_1_46' title="bbox 301 2101 549 2136; baseline 0.012 -3"><span class='ocrx_word' id='word_1_111' title='bbox 301 2101 549 2136; x_wconf 84' lang='lat' dir='ltr'>Retributionis.</span> 
     </span>
    </p>
   </div>
   <div class='ocr_carea' id='block_1_12' title="bbox 777 101 837 134">
    <p class='ocr_par' dir='ltr' id='par_1_24' title="bbox 777 101 837 134">
     <span class='ocr_line' id='line_1_47' title="bbox 777 101 837 134; baseline 0.017 -1"><span class='ocrx_word' id='word_1_112' title='bbox 777 101 837 134; x_wconf 81' lang='grc' dir='ltr'>ΙΙΙ.</span> 
     </span>
    </p>
   </div>
   <div class='ocr_carea' id='block_1_13' title="bbox 840 169 922 201">
    <p class='ocr_par' dir='ltr' id='par_1_25' title="bbox 840 169 922 201">
     <span class='ocr_line' id='line_1_48' title="bbox 840 169 922 201; baseline -0.012 0"><span class='ocrx_word' id='word_1_113' title='bbox 840 169 922 201; x_wconf 80' lang='grc'><strong>206.</strong></span> 
     </span>
    </p>
   </div>
   <div class='ocr_carea' id='block_1_14' title="bbox 841 564 922 600">
    <p class='ocr_par' dir='ltr' id='par_1_26' title="bbox 841 564 922 600">
     <span class='ocr_line' id='line_1_49' title="bbox 841 564 922 600; baseline 0.025 -2"><span class='ocrx_word' id='word_1_114' title='bbox 841 564 922 600; x_wconf 86' lang='lat'>207.</span> 
     </span>
    </p>
   </div>
   <div class='ocr_carea' id='block_1_15' title="bbox 841 965 923 999">
    <p class='ocr_par' dir='ltr' id='par_1_27' title="bbox 841 965 923 999">
     <span class='ocr_line' id='line_1_50' title="bbox 841 965 923 999; baseline 0 -1"><span class='ocrx_word' id='word_1_115' title='bbox 841 965 923 999; x_wconf 79' lang='lat'>208.</span> 
     </span>
    </p>
   </div>
   <div class='ocr_carea' id='block_1_16' title="bbox 844 1365 927 1398">
    <p class='ocr_par' dir='ltr' id='par_1_28' title="bbox 844 1365 927 1398">
     <span class='ocr_line' id='line_1_51' title="bbox 844 1365 927 1398; baseline 0 0"><span class='ocrx_word' id='word_1_116' title='bbox 844 1365 927 1398; x_wconf 77' lang='lat'>209.</span> 
     </span>
    </p>
   </div>
   <div class='ocr_carea' id='block_1_17' title="bbox 848 1764 928 1799">
    <p class='ocr_par' dir='ltr' id='par_1_29' title="bbox 848 1764 928 1799">
     <span class='ocr_line' id='line_1_52' title="bbox 848 1764 928 1799; baseline 0 -2"><span class='ocrx_word' id='word_1_117' title='bbox 848 1764 928 1799; x_wconf 86' lang='lat'>210.</span> 
     </span>
    </p>
   </div>
   <div class='ocr_carea' id='block_1_18' title="bbox 948 165 1361 940">
    <p class='ocr_par' dir='ltr' id='par_1_30' title="bbox 948 165 1345 801">
     <span class='ocr_line' id='line_1_53' title="bbox 950 165 1338 210; baseline -0.003 -11"><span class='ocrx_word' id='word_1_118' title='bbox 950 166 1076 210; x_wconf 85' lang='lat' dir='ltr'>Gaude,</span> <span class='ocrx_word' id='word_1_119' title='bbox 1100 166 1193 207; x_wconf 81' lang='lat' dir='ltr'>virgo</span> <span class='ocrx_word' id='word_1_120' title='bbox 1219 165 1338 198; x_wconf 80' lang='lat' dir='ltr'>solium</span> 
     </span>
     <span class='ocr_line' id='line_1_54' title="bbox 998 214 1292 253; baseline -0.007 -6"><span class='ocrx_word' id='word_1_121' title='bbox 998 214 1125 247; x_wconf 83' lang='lat' dir='ltr'>Judicis</span> <span class='ocrx_word' id='word_1_122' title='bbox 1153 214 1292 253; x_wconf 84' lang='lat' dir='ltr'>venturi,</span> 
     </span>
     <span class='ocr_line' id='line_1_55' title="bbox 951 262 1341 304; baseline -0.005 -7"><span class='ocrx_word' id='word_1_123' title='bbox 951 264 1076 297; x_wconf 84' lang='lat' dir='ltr'>Cuncta</span> <span class='ocrx_word' id='word_1_124' title='bbox 1099 271 1161 304; x_wconf 87' lang='lat' dir='ltr'>per</span> <span class='ocrx_word' id='word_1_125' title='bbox 1182 262 1341 303; x_wconf 85' lang='lat' dir='ltr'>judicium</span> 
     </span>
     <span class='ocr_line' id='line_1_56' title="bbox 996 311 1333 354; baseline 0 -11"><span class='ocrx_word' id='word_1_126' title='bbox 996 311 1118 344; x_wconf 86' lang='lat' dir='ltr'>Verum</span> <span class='ocrx_word' id='word_1_127' title='bbox 1146 311 1333 354; x_wconf 79' lang='lat' dir='ltr'>discussuri,</span> 
     </span>
     <span class='ocr_line' id='line_1_57' title="bbox 949 360 1322 402; baseline -0.003 -9"><span class='ocrx_word' id='word_1_128' title='bbox 949 360 1053 393; x_wconf 81' lang='lat' dir='ltr'>Tuum</span> <span class='ocrx_word' id='word_1_129' title='bbox 1080 370 1141 402; x_wconf 85' lang='lat' dir='ltr'>per</span> <span class='ocrx_word' id='word_1_130' title='bbox 1166 360 1322 393; x_wconf 84' lang='lat' dir='ltr'>auxilium</span> 
     </span>
     <span class='ocr_line' id='line_1_58' title="bbox 999 408 1295 443; baseline 0.007 -2"><span class='ocrx_word' id='word_1_131' title='bbox 999 408 1107 442; x_wconf 84' lang='lat' dir='ltr'>Simus</span> <span class='ocrx_word' id='word_1_132' title='bbox 1132 409 1295 443; x_wconf 81' lang='lat' dir='ltr'>audituri:</span> 
     </span>
     <span class='ocr_line' id='line_1_59' title="bbox 948 457 1305 499; baseline -0.003 -8"><span class='ocrx_word' id='word_1_133' title='bbox 948 458 1070 491; x_wconf 81' lang='lat' dir='ltr'>Venite</span> <span class='ocrx_word' id='word_1_134' title='bbox 1092 458 1128 490; x_wconf 86' lang='lat' dir='ltr'>in</span> <span class='ocrx_word' id='word_1_135' title='bbox 1152 457 1305 499; x_wconf 83' lang='lat' dir='ltr'>gaudium</span> 
     </span>
     <span class='ocr_line' id='line_1_60' title="bbox 999 506 1331 548; baseline -0.006 -8"><span class='ocrx_word' id='word_1_136' title='bbox 999 507 1137 548; x_wconf 79' lang='lat' dir='ltr'>Semper</span> <span class='ocrx_word' id='word_1_137' title='bbox 1160 506 1331 548; x_wconf 55' lang='lat' dir='ltr'>grai-isuri.</span> 
     </span>
     <span class='ocr_line' id='line_1_61' title="bbox 952 564 1345 605; baseline -0.003 -7"><span class='ocrx_word' id='word_1_138' title='bbox 952 564 1076 605; x_wconf 85' lang='lat' dir='ltr'>Gaude,</span> <span class='ocrx_word' id='word_1_139' title='bbox 1105 566 1196 605; x_wconf 85' lang='lat' dir='ltr'>cujus</span> <span class='ocrx_word' id='word_1_140' title='bbox 1222 564 1345 598; x_wconf 87' lang='lat' dir='ltr'>nomini</span> 
     </span>
     <span class='ocr_line' id='line_1_62' title="bbox 1000 613 1309 654; baseline -0.003 -8"><span class='ocrx_word' id='word_1_141' title='bbox 1000 613 1182 647; x_wconf 82' lang='lat' dir='ltr'>Concinunt</span> <span class='ocrx_word' id='word_1_142' title='bbox 1207 614 1309 654; x_wconf 86' lang='lat' dir='ltr'>polite</span> 
     </span>
     <span class='ocr_line' id='line_1_63' title="bbox 951 662 1304 697; baseline -0.008 0"><span class='ocrx_word' id='word_1_143' title='bbox 951 663 1145 697; x_wconf 84' lang='lat' dir='ltr'>Sacerdotes</span> <span class='ocrx_word' id='word_1_144' title='bbox 1173 662 1304 695; x_wconf 88' lang='lat' dir='ltr'>Domini</span> 
     </span>
     <span class='ocr_line' id='line_1_64' title="bbox 1000 711 1336 753; baseline -0.003 -9"><span class='ocrx_word' id='word_1_145' title='bbox 1000 712 1182 753; x_wconf 76' lang='lat' dir='ltr'>cunctique</span> <span class='ocrx_word' id='word_1_146' title='bbox 1207 711 1336 750; x_wconf 77' lang='lat' dir='ltr'>levitae,</span> 
     </span>
     <span class='ocr_line' id='line_1_65' title="bbox 951 760 1337 801; baseline -0.008 -6"><span class='ocrx_word' id='word_1_147' title='bbox 951 760 1175 801; x_wconf 75' lang='lat' dir='ltr'>obsequentes</span> <span class='ocrx_word' id='word_1_148' title='bbox 1201 760 1337 793; x_wconf 85' lang='lat' dir='ltr'>carmini</span> 
     </span>
    </p>

    <p class='ocr_par' dir='ltr' id='par_1_31' title="bbox 949 808 1361 940">
     <span class='ocr_line' id='line_1_66' title="bbox 998 808 1264 850; baseline -0.004 -9"><span class='ocrx_word' id='word_1_149' title='bbox 998 808 1084 841; x_wconf 84' lang='lat' dir='ltr'>Huic</span> <span class='ocrx_word' id='word_1_150' title='bbox 1112 808 1264 850; x_wconf 83' lang='lat' dir='ltr'>expedite</span> 
     </span>
     <span class='ocr_line' id='line_1_67' title="bbox 949 856 1361 894; baseline -0.002 -4"><span class='ocrx_word' id='word_1_151' title='bbox 949 856 1002 890; x_wconf 79' lang='lat' dir='ltr'>Ne</span> <span class='ocrx_word' id='word_1_152' title='bbox 1028 859 1146 891; x_wconf 82' lang='lat' dir='ltr'>dentur</span> <span class='ocrx_word' id='word_1_153' title='bbox 1172 857 1361 894; x_wconf 80' lang='lat' dir='ltr'>discrimini,</span> 
     </span>
     <span class='ocr_line' id='line_1_68' title="bbox 1002 905 1340 940; baseline -0.003 0"><span class='ocrx_word' id='word_1_154' title='bbox 1002 905 1079 940; x_wconf 81' lang='lat' dir='ltr'>Cum</span> <span class='ocrx_word' id='word_1_155' title='bbox 1108 907 1252 939; x_wconf 84' lang='lat' dir='ltr'>dicetur:</span> <span class='ocrx_word' id='word_1_156' title='bbox 1280 906 1340 939; x_wconf 82' lang='lat' dir='ltr'>Ite.</span> 
     </span>
    </p>
   </div>
   <div class='ocr_carea' id='block_1_19' title="bbox 951 964 1400 1339">
    <p class='ocr_par' dir='ltr' id='par_1_32' title="bbox 951 964 1400 1339">
     <span class='ocr_line' id='line_1_69' title="bbox 952 964 1348 1006; baseline -0.003 -9"><span class='ocrx_word' id='word_1_157' title='bbox 952 964 1077 1006; x_wconf 86' lang='lat' dir='ltr'>Gaude,</span> <span class='ocrx_word' id='word_1_158' title='bbox 1103 974 1161 997; x_wconf 84' lang='lat' dir='ltr'>vas</span> <span class='ocrx_word' id='word_1_159' title='bbox 1187 964 1348 1004; x_wconf 88' lang='lat' dir='ltr'>mirabile,</span> 
     </span>
     <span class='ocr_line' id='line_1_70' title="bbox 999 1013 1391 1047; baseline -0.008 0"><span class='ocrx_word' id='word_1_160' title='bbox 999 1014 1176 1047; x_wconf 83' lang='lat' dir='ltr'>Continens</span> <span class='ocrx_word' id='word_1_161' title='bbox 1200 1013 1391 1046; x_wconf 83' lang='lat' dir='ltr'>immensum</span> 
     </span>
     <span class='ocr_line' id='line_1_71' title="bbox 951 1061 1361 1095; baseline -0.002 -1"><span class='ocrx_word' id='word_1_162' title='bbox 951 1061 1098 1095; x_wconf 82' lang='lat' dir='ltr'>Verbum</span> <span class='ocrx_word' id='word_1_163' title='bbox 1119 1071 1182 1094; x_wconf 84' lang='lat' dir='ltr'>nee</span> <span class='ocrx_word' id='word_1_164' title='bbox 1206 1062 1361 1095; x_wconf 72' lang='lat' dir='ltr'>sensibile</span> 
     </span>
     <span class='ocr_line' id='line_1_72' title="bbox 1000 1110 1400 1153; baseline 0 -10"><span class='ocrx_word' id='word_1_165' title='bbox 1000 1110 1151 1143; x_wconf 86' lang='lat' dir='ltr'>Hominis</span> <span class='ocrx_word' id='word_1_166' title='bbox 1176 1120 1238 1152; x_wconf 87' lang='lat' dir='ltr'>per</span> <span class='ocrx_word' id='word_1_167' title='bbox 1262 1119 1400 1153; x_wconf 86' lang='lat' dir='ltr'>sensum,</span> 
     </span>
     <span class='ocr_line' id='line_1_73' title="bbox 952 1159 1312 1192; baseline -0.003 0"><span class='ocrx_word' id='word_1_168' title='bbox 952 1160 1058 1192; x_wconf 87' lang='lat' dir='ltr'>Melos</span> <span class='ocrx_word' id='word_1_169' title='bbox 1083 1159 1173 1192; x_wconf 86' lang='lat' dir='ltr'>istud</span> <span class='ocrx_word' id='word_1_170' title='bbox 1199 1159 1312 1192; x_wconf 82' lang='lat' dir='ltr'>sedule</span> 
     </span>
     <span class='ocr_line' id='line_1_74' title="bbox 1001 1208 1353 1249; baseline -0.009 -7"><span class='ocrx_word' id='word_1_171' title='bbox 1001 1208 1078 1242; x_wconf 88' lang='lat' dir='ltr'>Tibi</span> <span class='ocrx_word' id='word_1_172' title='bbox 1103 1208 1151 1240; x_wconf 80' lang='lat' dir='ltr'>sic</span> <span class='ocrx_word' id='word_1_173' title='bbox 1172 1209 1353 1249; x_wconf 85' lang='lat' dir='ltr'>impensum</span> 
     </span>
     <span class='ocr_line' id='line_1_75' title="bbox 952 1256 1318 1298; baseline 0 -9"><span class='ocrx_word' id='word_1_174' title='bbox 952 1256 1036 1289; x_wconf 85' lang='lat' dir='ltr'>Mihi</span> <span class='ocrx_word' id='word_1_175' title='bbox 1066 1257 1174 1298; x_wconf 84' lang='lat' dir='ltr'>placet</span> <span class='ocrx_word' id='word_1_176' title='bbox 1199 1256 1318 1290; x_wconf 87' lang='lat' dir='ltr'>frivole</span> 
     </span>
     <span class='ocr_line' id='line_1_76' title="bbox 1002 1305 1365 1339; baseline 0.003 -1"><span class='ocrx_word' id='word_1_177' title='bbox 1002 1305 1177 1338; x_wconf 87' lang='lat' dir='ltr'>Dominum</span> <span class='ocrx_word' id='word_1_178' title='bbox 1200 1305 1365 1339; x_wconf 82' lang='lat' dir='ltr'>offensum.</span> 
     </span>
    </p>
   </div>
   <div class='ocr_carea' id='block_1_20' title="bbox 953 1363 1449 2140">
    <p class='ocr_par' dir='ltr' id='par_1_33' title="bbox 953 1363 1449 2140">
     <span class='ocr_line' id='line_1_77' title="bbox 955 1363 1353 1405; baseline 0 -9"><span class='ocrx_word' id='word_1_179' title='bbox 955 1363 1080 1403; x_wconf 80' lang='lat' dir='ltr'>Gaude,</span> <span class='ocrx_word' id='word_1_180' title='bbox 1109 1363 1353 1405; x_wconf 83' lang='lat' dir='ltr'>obsequentium</span> 
     </span>
     <span class='ocr_line' id='line_1_78' title="bbox 1002 1412 1317 1455; baseline -0.006 -10"><span class='ocrx_word' id='word_1_181' title='bbox 1002 1412 1078 1445; x_wconf 84' lang='lat' dir='ltr'>Tibi</span> <span class='ocrx_word' id='word_1_182' title='bbox 1101 1413 1317 1455; x_wconf 79' lang='lat' dir='ltr'>procuratrix,</span> 
     </span>
     <span class='ocr_line' id='line_1_79' title="bbox 953 1461 1326 1494; baseline -0.005 0"><span class='ocrx_word' id='word_1_183' title='bbox 953 1461 999 1494; x_wconf 87' lang='lat' dir='ltr'>Et</span> <span class='ocrx_word' id='word_1_184' title='bbox 1023 1462 1116 1494; x_wconf 79' lang='lat' dir='ltr'>noxis</span> <span class='ocrx_word' id='word_1_185' title='bbox 1143 1461 1326 1493; x_wconf 86' lang='lat' dir='ltr'>cadentium</span> 
     </span>
     <span class='ocr_line' id='line_1_80' title="bbox 1004 1510 1273 1552; baseline -0.004 -10"><span class='ocrx_word' id='word_1_186' title='bbox 1004 1510 1063 1543; x_wconf 84' lang='lat' dir='ltr'>Pia</span> <span class='ocrx_word' id='word_1_187' title='bbox 1088 1510 1273 1552; x_wconf 78' lang='lat' dir='ltr'>revelatrix,</span> 
     </span>
     <span class='ocr_line' id='line_1_81' title="bbox 954 1559 1342 1600; baseline -0.008 -9"><span class='ocrx_word' id='word_1_188' title='bbox 954 1559 1083 1592; x_wconf 82' lang='lat' dir='ltr'>Mentes</span> <span class='ocrx_word' id='word_1_189' title='bbox 1110 1559 1342 1600; x_wconf 85' lang='lat' dir='ltr'>poenitentium</span> 
     </span>
     <span class='ocr_line' id='line_1_82' title="bbox 1004 1606 1308 1646; baseline -0.003 -6"><span class='ocrx_word' id='word_1_190' title='bbox 1004 1607 1056 1640; x_wconf 83' lang='lat' dir='ltr'>Sis</span> <span class='ocrx_word' id='word_1_191' title='bbox 1081 1606 1308 1646; x_wconf 68' lang='lat' dir='ltr'>refocillatrix,</span> 
     </span>
     <span class='ocr_line' id='line_1_83' title="bbox 956 1655 1315 1690; baseline -0.006 0"><span class='ocrx_word' id='word_1_192' title='bbox 956 1656 1063 1690; x_wconf 86' lang='lat' dir='ltr'>Carne</span> <span class='ocrx_word' id='word_1_193' title='bbox 1088 1655 1315 1689; x_wconf 80' lang='lat' dir='ltr'>decedentium</span> 
     </span>
     <span class='ocr_line' id='line_1_84' title="bbox 1003 1705 1368 1738; baseline -0.005 0"><span class='ocrx_word' id='word_1_194' title='bbox 1003 1706 1043 1738; x_wconf 81' lang='lat' dir='ltr'>In</span> <span class='ocrx_word' id='word_1_195' title='bbox 1070 1705 1193 1738; x_wconf 80' lang='lat' dir='ltr'>coelum</span> <span class='ocrx_word' id='word_1_196' title='bbox 1221 1705 1368 1738; x_wconf 79' lang='lat' dir='ltr'>delatrix.</span> 
     </span>
     <span class='ocr_line' id='line_1_85' title="bbox 958 1763 1349 1808; baseline -0.01 -10"><span class='ocrx_word' id='word_1_197' title='bbox 958 1764 1081 1807; x_wconf 85' lang='lat' dir='ltr'>Gaude,</span> <span class='ocrx_word' id='word_1_198' title='bbox 1109 1763 1349 1808; x_wconf 82' lang='lat' dir='ltr'>tympanistria,</span> 
     </span>
     <span class='ocr_line' id='line_1_86' title="bbox 1004 1811 1431 1853; baseline -0.005 -8"><span class='ocrx_word' id='word_1_199' title='bbox 1004 1813 1160 1846; x_wconf 84' lang='lat' dir='ltr'>Laudans</span> <span class='ocrx_word' id='word_1_200' title='bbox 1185 1821 1246 1853; x_wconf 84' lang='lat' dir='ltr'>per</span> <span class='ocrx_word' id='word_1_201' title='bbox 1271 1811 1431 1845; x_wconf 85' lang='lat' dir='ltr'>dictamen</span> 
     </span>
     <span class='ocr_line' id='line_1_87' title="bbox 955 1860 1261 1904; baseline -0.007 -9"><span class='ocrx_word' id='word_1_202' title='bbox 955 1862 996 1895; x_wconf 84' lang='lat' dir='ltr'>In</span> <span class='ocrx_word' id='word_1_203' title='bbox 1021 1860 1261 1904; x_wconf 85' lang='lat' dir='ltr'>magnificentia</span> 
     </span>
     <span class='ocr_line' id='line_1_88' title="bbox 1005 1908 1449 1951; baseline -0.009 -7"><span class='ocrx_word' id='word_1_204' title='bbox 1005 1912 1148 1950; x_wconf 85' lang='lat' dir='ltr'>Patrem,</span> <span class='ocrx_word' id='word_1_205' title='bbox 1172 1913 1297 1951; x_wconf 79' lang='lat' dir='ltr'>natum,</span> <span class='ocrx_word' id='word_1_206' title='bbox 1322 1908 1449 1948; x_wconf 80' lang='lat' dir='ltr'>flamen,</span> 
     </span>
     <span class='ocr_line' id='line_1_89' title="bbox 955 1958 1304 2001; baseline -0.006 -8"><span class='ocrx_word' id='word_1_207' title='bbox 955 1959 1010 1993; x_wconf 80' lang='lat' dir='ltr'>Da</span> <span class='ocrx_word' id='word_1_208' title='bbox 1031 1969 1093 2001; x_wconf 83' lang='lat' dir='ltr'>pro</span> <span class='ocrx_word' id='word_1_209' title='bbox 1118 1963 1176 1992; x_wconf 85' lang='lat' dir='ltr'>tua</span> <span class='ocrx_word' id='word_1_210' title='bbox 1201 1958 1304 2000; x_wconf 83' lang='lat' dir='ltr'>gloria</span> 
     </span>
     <span class='ocr_line' id='line_1_90' title="bbox 1002 2006 1427 2050; baseline -0.007 -9"><span class='ocrx_word' id='word_1_211' title='bbox 1002 2008 1048 2041; x_wconf 80' lang='lat' dir='ltr'>Et</span> <span class='ocrx_word' id='word_1_212' title='bbox 1074 2017 1134 2050; x_wconf 84' lang='lat' dir='ltr'>per</span> <span class='ocrx_word' id='word_1_213' title='bbox 1158 2009 1221 2040; x_wconf 86' lang='lat' dir='ltr'>hoc</span> <span class='ocrx_word' id='word_1_214' title='bbox 1243 2006 1427 2047; x_wconf 79' lang='lat' dir='ltr'>laudamen‚</span> 
     </span>
     <span class='ocr_line' id='line_1_91' title="bbox 957 2055 1378 2098; baseline -0.005 -9"><span class='ocrx_word' id='word_1_215' title='bbox 957 2057 1003 2090; x_wconf 84' lang='lat' dir='ltr'>Ut</span> <span class='ocrx_word' id='word_1_216' title='bbox 1029 2058 1138 2090; x_wconf 81' lang='lat' dir='ltr'>salver</span> <span class='ocrx_word' id='word_1_217' title='bbox 1161 2065 1223 2098; x_wconf 87' lang='lat' dir='ltr'>per</span> <span class='ocrx_word' id='word_1_218' title='bbox 1247 2055 1378 2089; x_wconf 85' lang='lat' dir='ltr'>saecula</span> 
     </span>
     <span class='ocr_line' id='line_1_92' title="bbox 1008 2105 1395 2140; baseline 0 -2"><span class='ocrx_word' id='word_1_219' title='bbox 1008 2105 1227 2140; x_wconf 87' lang='lat' dir='ltr'>Saeculorum.</span> <span class='ocrx_word' id='word_1_220' title='bbox 1279 2107 1395 2138; x_wconf 88' lang='lat' dir='ltr'>Amen.</span> 
     </span>
    </p>
   </div>
   <div class='ocr_carea' id='block_1_21' title="bbox 144 2178 1491 2326">
    <p class='ocr_par' dir='ltr' id='par_1_34' title="bbox 144 2178 1491 2326">
     <span class='ocr_line' id='line_1_93' title="bbox 224 2178 1491 2219; baseline 0 -11"><span class='ocrx_word' id='word_1_221' title='bbox 224 2178 294 2208; x_wconf 76' lang='lat' dir='ltr'>Coa</span> <span class='ocrx_word' id='word_1_222' title='bbox 319 2181 348 2208; x_wconf 76' lang='lat' dir='ltr'>S.</span> <span class='ocrx_word' id='word_1_223' title='bbox 369 2181 452 2211; x_wconf 83' lang='lat' dir='ltr'>Petri</span> <span class='ocrx_word' id='word_1_224' title='bbox 473 2182 694 2219; x_wconf 80' lang='lat' dir='ltr'>SalisburgenS.</span> <span class='ocrx_word' id='word_1_225' title='bbox 714 2182 734 2210; x_wconf 84' lang='lat' dir='ltr'>b</span> <span class='ocrx_word' id='word_1_226' title='bbox 754 2182 788 2210; x_wconf 82' lang='grc' dir='ltr'>Π</span> <span class='ocrx_word' id='word_1_227' title='bbox 807 2179 825 2210; x_wconf 82' lang='grc'>3</span> <span class='ocrx_word' id='word_1_228' title='bbox 847 2190 924 2210; x_wconf 82' lang='lat' dir='ltr'>saec.</span> <span class='ocrx_word' id='word_1_229' title='bbox 947 2181 993 2210; x_wconf 82' lang='lat'>15.</span> <span class='ocrx_word' id='word_1_230' title='bbox 1015 2182 1066 2211; x_wconf 81' lang='lat' dir='ltr'>fol</span> <span class='ocrx_word' id='word_1_231' title='bbox 1079 2182 1094 2211; x_wconf 80' lang='lat'>1</span> <span class='ocrx_word' id='word_1_232' title='bbox 1118 2192 1144 2211; x_wconf 86' lang='lat' dir='ltr'>a.</span> <span class='ocrx_word' id='word_1_233' title='bbox 1159 2183 1195 2211; x_wconf 59' lang='lat' dir='ltr'>a.</span> <span class='ocrx_word' id='word_1_234' title='bbox 1217 2197 1255 2202; x_wconf 85' lang='lat'>—</span> <span class='ocrx_word' id='word_1_235' title='bbox 1277 2181 1348 2211; x_wconf 84' lang='lat' dir='ltr'>Cod.</span> <span class='ocrx_word' id='word_1_236' title='bbox 1363 2181 1392 2210; x_wconf 78' lang='lat' dir='ltr'>S.</span> <span class='ocrx_word' id='word_1_237' title='bbox 1408 2180 1491 2209; x_wconf 82' lang='lat' dir='ltr'>Petri</span> 
     </span>
     <span class='ocr_line' id='line_1_94' title="bbox 145 2216 1490 2259; baseline 0.002 -14"><span class='ocrx_word' id='word_1_238' title='bbox 145 2216 364 2255; x_wconf 79' lang='lat' dir='ltr'>Salisburgens.</span> <span class='ocrx_word' id='word_1_239' title='bbox 385 2221 404 2249; x_wconf 89' lang='lat' dir='ltr'>b</span> <span class='ocrx_word' id='word_1_240' title='bbox 424 2221 484 2248; x_wconf 79' lang='lat' dir='ltr'>VH</span> <span class='ocrx_word' id='word_1_241' title='bbox 507 2220 552 2249; x_wconf 78' lang='lat'>10</span> <span class='ocrx_word' id='word_1_242' title='bbox 573 2217 869 2249; x_wconf 67' lang='lat' dir='ltr'>saec.15.f01.216</span> <span class='ocrx_word' id='word_1_243' title='bbox 888 2221 919 2249; x_wconf 87' lang='lat' dir='ltr'>b.</span> <span class='ocrx_word' id='word_1_244' title='bbox 934 2220 968 2249; x_wconf 77' lang='lat' dir='ltr'>B.</span> <span class='ocrx_word' id='word_1_245' title='bbox 990 2238 1029 2242; x_wconf 85' lang='lat'>-—</span> <span class='ocrx_word' id='word_1_246' title='bbox 1049 2221 1131 2250; x_wconf 72' lang='lat' dir='ltr'>Orat.</span> <span class='ocrx_word' id='word_1_247' title='bbox 1144 2231 1200 2250; x_wconf 88' lang='lat' dir='ltr'>ms.</span> <span class='ocrx_word' id='word_1_248' title='bbox 1213 2222 1399 2259; x_wconf 71' lang='lat' dir='ltr'>Tegurinum</span> <span class='ocrx_word' id='word_1_249' title='bbox 1412 2228 1490 2248; x_wconf 75' lang='lat' dir='ltr'>saec-</span> 
     </span>
     <span class='ocr_line' id='line_1_95' title="bbox 146 2255 1489 2298; baseline 0.002 -14"><span class='ocrx_word' id='word_1_250' title='bbox 146 2255 192 2284; x_wconf 83' lang='lat'>15.</span> <span class='ocrx_word' id='word_1_251' title='bbox 215 2255 288 2285; x_wconf 69' lang='lat' dir='ltr'>(nm</span> <span class='ocrx_word' id='word_1_252' title='bbox 308 2256 552 2288; x_wconf 48' lang='lat' dir='ltr'>Monac-193&amp;</span> <span class='ocrx_word' id='word_1_253' title='bbox 572 2259 623 2287; x_wconf 57' lang='lat' dir='ltr'>fil.</span> <span class='ocrx_word' id='word_1_254' title='bbox 645 2257 699 2287; x_wconf 78' lang='lat'>141</span> <span class='ocrx_word' id='word_1_255' title='bbox 722 2267 750 2287; x_wconf 81' lang='lat' dir='ltr'>a.</span> <span class='ocrx_word' id='word_1_256' title='bbox 771 2258 803 2288; x_wconf 84' lang='lat' dir='ltr'>C.</span> <span class='ocrx_word' id='word_1_257' title='bbox 825 2273 863 2279; x_wconf 75' lang='lat'>-</span> <span class='ocrx_word' id='word_1_258' title='bbox 884 2259 967 2288; x_wconf 77' lang='lat' dir='ltr'>Orat.</span> <span class='ocrx_word' id='word_1_259' title='bbox 988 2270 1045 2289; x_wconf 86' lang='lat' dir='ltr'>ms.</span> <span class='ocrx_word' id='word_1_260' title='bbox 1057 2261 1244 2298; x_wconf 64' lang='lat' dir='ltr'>&#39;regui-inum</span> <span class='ocrx_word' id='word_1_261' title='bbox 1261 2258 1399 2290; x_wconf 67' lang='lat' dir='ltr'>saec-15.</span> <span class='ocrx_word' id='word_1_262' title='bbox 1415 2258 1489 2287; x_wconf 70' lang='lat' dir='ltr'>Cim</span> 
     </span>
     <span class='ocr_line' id='line_1_96' title="bbox 144 2293 648 2326; baseline 0.008 -4"><span class='ocrx_word' id='word_1_263' title='bbox 144 2295 262 2323; x_wconf 78' lang='lat' dir='ltr'>Monac</span> <span class='ocrx_word' id='word_1_264' title='bbox 283 2293 386 2324; x_wconf 78' lang='lat'>20021</span> <span class='ocrx_word' id='word_1_265' title='bbox 407 2296 539 2326; x_wconf 73' lang='lat' dir='ltr'>f01.162</span> <span class='ocrx_word' id='word_1_266' title='bbox 559 2299 589 2326; x_wconf 96' lang='grc'>13</span> <span class='ocrx_word' id='word_1_267' title='bbox 610 2298 648 2326; x_wconf 90' lang='lat' dir='ltr'>D.</span> 
     </span>
    </p>
   </div>
   <div class='ocr_carea' id='block_1_22' title="bbox 222 2335 1492 2376">
    <p class='ocr_par' dir='ltr' id='par_1_35' title="bbox 222 2335 1492 2376">
     <span class='ocr_line' id='line_1_97' title="bbox 222 2335 1492 2376; baseline 0.002 -14"><span class='ocrx_word' id='word_1_268' title='bbox 222 2335 335 2370; x_wconf 84' lang='lat' dir='ltr'>Incipit</span> <span class='ocrx_word' id='word_1_269' title='bbox 361 2337 563 2365; x_wconf 72' lang='lat' dir='ltr'>laudatorium</span> <span class='ocrx_word' id='word_1_270' title='bbox 585 2336 649 2364; x_wconf 82' lang='lat' dir='ltr'>B.V</span> <span class='ocrx_word' id='word_1_271' title='bbox 650 2337 698 2365; x_wconf 74' lang='lat' dir='ltr'>M.</span> <span class='ocrx_word' id='word_1_272' title='bbox 726 2337 902 2365; x_wconf 74' lang='lat' dir='ltr'>distinctum</span> <span class='ocrx_word' id='word_1_273' title='bbox 929 2347 982 2374; x_wconf 82' lang='lat' dir='ltr'>per</span> <span class='ocrx_word' id='word_1_274' title='bbox 1006 2341 1123 2375; x_wconf 82' lang='lat' dir='ltr'>septem</span> <span class='ocrx_word' id='word_1_275' title='bbox 1140 2341 1242 2376; x_wconf 72' lang='lat' dir='ltr'>partes</span> <span class='ocrx_word' id='word_1_276' title='bbox 1264 2342 1294 2368; x_wconf 80' lang='lat' dir='ltr'>et</span> <span class='ocrx_word' id='word_1_277' title='bbox 1314 2340 1413 2374; x_wconf 78' lang='lat' dir='ltr'>potest</span> <span class='ocrx_word' id='word_1_278' title='bbox 1431 2337 1492 2366; x_wconf 84' lang='lat' dir='ltr'>diei</span> 
     </span>
    </p>
   </div>
  </div>
 </body>
</html>
