1656 2674
184 188 241 222 12.
269 185 363 223 Mons
390 198 435 231 es,
465 198 528 230 quo
554 191 613 223 abs
638 190 788 224 manibus

184 608 242 642 13.

188 1026 243 1060 14.

183 1443 240 1477 15.

182 1863 238 1897 16.

180 2285 236 2318 17.

721 92 988 129 -141-

315 237 418 279 Lapis
446 241 496 271 est
520 239 699 284 praecisus,

269 285 331 326 Qui
356 295 377 319 a
401 287 675 329 prophetantibus

317 335 402 369 Olim
429 340 479 369 est
503 337 684 379 praevisus,

266 383 320 416 Ab
347 383 609 426 aedificantibus,

318 432 379 472 Qui
404 431 468 465 fuit
494 433 620 467 derisus

270 481 370 515 Satan
397 490 469 514 cum
496 481 708 524 complicibus

316 530 383 563 Per
405 530 496 563 hune
522 534 571 563 est
596 531 704 563 elisus.

270 604 365 642 Nunc
391 617 528 650 quoque,
556 618 574 641 o
602 608 744 652 domina,

318 657 450 690 Prolem
476 665 537 697 per
564 656 707 689 divinam

269 705 427 738 Precibus
456 705 621 738 dilancina

316 753 460 786 Larvam
485 755 678 795 sataninam,

269 801 415 835 Seminet
439 812 481 835 ne
505 803 630 835 semina

317 850 452 883 Falsam
477 859 538 891 per
565 851 757 892 doctrinam,

269 899 332 939 Qui
359 900 550 932 credentum
575 899 705 942 agmina

318 948 442 981 Trahat
469 948 512 981 ad
536 949 673 982 ruinam.

271 1022 298 1059 Ο
324 1027 431 1058 mater
455 1025 605 1058 amabilis

318 1074 458 1107 Animae
485 1074 632 1107 credenti

269 1123 462 1163 Jugiterque
484 1122 588 1154 titulis

318 1171 469 1204 Laudum
494 1174 527 1202 te
554 1170 682 1211 colenti,

270 1219 356 1252 Tuta
380 1228 433 1251 me
457 1218 498 1252 ab
524 1218 659 1251 aemulis

318 1269 359 1301 In
382 1268 452 1300 vita
476 1266 643 1308 praesenti

268 1315 491 1357 Precibusque
517 1315 640 1348 sedulis

316 1364 418 1399 Adsis
447 1363 629 1398 decedenti.

266 1439 549 1486 Propitiatorium,

318 1490 374 1524 Ad
400 1491 486 1531 quod
513 1490 711 1531 aggregatim

268 1538 412 1573 Currunt
436 1539 635 1580 adjutorium

315 1588 468 1621 Petentes
494 1587 652 1627 vallatim‚

267 1635 336 1670 Des
362 1636 614 1669 consolatorium

315 1684 461 1719 Verbum
483 1684 564 1716 mihi
589 1685 710 1726 statim,

265 1734 385 1768 Mundi
413 1734 628 1767 diversorium

318 1783 419 1823 Quem
445 1785 561 1825 gravat
585 1782 753 1823 paulatim.

269 1858 407 1901 Quaeso,
432 1862 538 1893 mater
562 1858 682 1893 nobilis

315 1909 450 1943 Domini
472 1908 627 1949 Messiae,

266 1959 414 1992 Veneror
440 1966 536 1999 quam
561 1957 665 1990 titulis

314 2007 422 2048 Hujus
449 2007 657 2048 hymnodiae,

267 2057 384 2091 Serves
411 2065 430 2089 a
458 2055 615 2097 periculis

314 2106 372 2139 Me
392 2105 427 2137 in
452 2104 517 2137 ista
545 2104 607 2145 die,

265 2155 411 2188 Nectens
436 2154 502 2186 tuis
528 2151 670 2194 famulis,

315 2203 376 2245 Qui
402 2207 435 2237 te
460 2203 598 2236 laudant
622 2201 687 2243 pie.

263 2280 434 2319 Redolens
460 2291 478 2315 o
504 2282 615 2314 rosula

312 2333 352 2366 In
383 2330 516 2365 coelesti
541 2335 648 2372 prato,

262 2382 379 2416 Laudo
404 2384 514 2414 mente
539 2379 655 2413 sedula

314 2431 418 2472 Quam
440 2430 503 2463 hoc
526 2429 718 2471 praedicato

891 415 935 449 18

890 831 947 866 19.

888 1248 943 1281 20.

889 1665 946 1698 21.

888 2085 945 2117 22.

976 192 1041 225 Pro
1066 200 1119 225 me
1143 200 1256 232 preces
1282 191 1415 224 immola

1024 241 1093 274 Tuo
1122 241 1210 274 dulci
1234 242 1310 273 nato

974 290 1169 323 Praeservet
1194 297 1253 330 per
1279 287 1409 321 saecula

1011 338 1068 371 Me
1091 340 1129 370 ut
1154 347 1174 371 a
1195 340 1340 379 peccato.

976 411 1128 449 Summae
1153 415 1332 456 sapientiae

1025 464 1126 497 Sedes
1152 463 1340 506 saphyrina,

973 511 1136 552 Tempore
1159 511 1318 544 infantiae

1023 561 1071 595 Ut
1095 559 1129 593 in
1155 559 1286 593 officina

975 608 1044 649 Qua
1069 609 1203 649 resedit,
1231 608 1355 649 gratiae

1024 657 1109 690 Suae
1133 666 1192 690 nos
1219 656 1378 696 combina,

975 704 1169 739 Sordidatos
1195 705 1305 738 scabie

1022 753 1145 795 Culpae
1170 755 1222 787 vei
1246 753 1382 786 sentina.

974 828 1080 865 Terra
1105 831 1228 863 sulcum
1251 831 1401 863 nesciens

1021 880 1093 912 Viri
1117 888 1178 919 per
1202 878 1358 918 laborem,

974 927 1059 962 Nam
1085 937 1118 960 es
1144 928 1235 969 virgo
1261 927 1393 967 pariens

1022 976 1147 1009 Mundo
1178 977 1383 1018 salvatorem,

974 1026 1005 1058 A
1030 1033 1083 1056 me
1107 1033 1226 1064 precor
1250 1023 1385 1066 abigens

1022 1069 1170 1106 Foedum
1195 1073 1239 1105 sis
1265 1080 1418 1113 amorem,

972 1120 1084 1154 Luxus
1110 1129 1152 1152 ne
1175 1120 1333 1161 insipiens

1020 1168 1169 1202 Inoidam
1194 1168 1364 1202 foetorum.

972 1243 1141 1280 Universis
1167 1245 1273 1286 obvia,

1020 1294 1102 1336 Legi
1128 1303 1211 1335 quae
1237 1294 1367 1326 divinae

971 1343 1115 1376 Exstant
1139 1343 1348 1376 adversantia

1020 1392 1205 1432 Sacraeque
1227 1391 1410 1432 doetrinae,

974 1439 1131 1473 Coelestis
1156 1449 1209 1472 me
1233 1440 1339 1480 gratia

1021 1488 1108 1522 Sana
1135 1488 1328 1529 medicinae,

972 1536 1024 1570 Ne
1049 1537 1164 1570 trador
1189 1537 1230 1570 ob
1256 1536 1338 1569 vitia

1023 1585 1132 1628 Stygis
1159 1584 1318 1619 officinae.

973 1660 1118 1699 Xenium
1146 1663 1329 1696 dictaminis

1021 1714 1138 1753 Hujus,
1164 1715 1270 1745 mater
1292 1711 1359 1754 pia,

972 1761 1103 1794 Virtute
1127 1760 1293 1802 regiminis

1021 1810 1084 1842 Tui
1108 1818 1160 1843 me
1184 1810 1219 1842 in
1246 1809 1298 1841 via

971 1857 1113 1900 Dirigat,
1137 1867 1180 1890 ne
1206 1857 1350 1891 oriminis

1021 1908 1173 1948 Frangar
1200 1906 1360 1940 discrasia

973 1955 1128 1989 Hostisve
1153 1955 1303 1997 imaginis

1021 2004 1125 2046 Turpi
1150 2004 1335 2045 phantasia.

973 2079 1147 2119 Ymnistae
1174 2081 1322 2116 devotius

1022 2132 1092 2165 Tuo
1118 2134 1152 2163 te
1178 2130 1297 2164 colenti

971 2180 1018 2215 Et
1042 2189 1102 2222 per
1126 2183 1264 2213 mortem
1288 2179 1382 2212 citius

1020 2230 1157 2263 Terram
1184 2228 1348 2262 deserenti

970 2279 1110 2320 Porrige
1136 2279 1274 2311 celerius

1020 2328 1156 2361 Manum
1181 2330 1260 2360 tunc
1283 2328 1443 2361 moerenti

971 2377 1016 2412 Et
1041 2378 1159 2410 resiste
1184 2375 1301 2410 fortius

1020 2426 1118 2461 Hosti
1142 2426 1363 2468 persequenti.
