1656 2674
148 352 205 384 22.
232 349 292 389 Qui
316 348 351 380 in
376 349 487 379 monte
510 346 655 379 vestibus

280 396 344 429 fuit
368 395 526 436 spoliatus

229 445 276 477 Et
301 444 400 476 clavis
427 442 613 474 crudelibus

278 492 366 523 cruci
392 491 589 532 acclavatus,

232 540 312 574 Cum
338 548 435 572 cruce
461 538 598 571 celerius

278 588 311 619 in
338 588 439 619 altum
463 587 601 628 levatus,

231 635 367 668 Duobus
392 634 574 667 latronibus

279 684 327 716 sic
354 686 403 715 est
428 683 578 717 sociatus

148 774 205 806 23.
231 771 331 811 Quem
354 771 389 802 in
416 778 510 802 eruce
535 768 666 801 funibus

282 819 353 851 dire
380 819 602 851 distraxerunt

231 867 276 899 Et
303 865 403 900 clavis
429 866 593 899 atrocibus

280 915 344 956 ipsi
368 914 552 953 affixerunt,

232 963 361 996 Deinde
385 963 528 996 volocius

280 1012 384 1052 ipsam
412 1014 595 1051 erexerunt,

236 1059 547 1093 Subsannationibus

281 1109 388 1148 ipsum
415 1108 607 1140 deriserunt.

153 1198 210 1230 24,
236 1195 298 1235 Qui
325 1204 397 1226 cum
421 1197 455 1226 te
482 1194 703 1227 dulcissimam

285 1242 417 1274 adstare
444 1242 613 1282 conspexit

231 1291 277 1323 Et
298 1294 407 1322 mente
431 1290 651 1322 tristissimam

285 1337 357 1371 fore
374 1339 547 1381 intellexit,

237 1388 276 1420 In
302 1387 350 1419 tui
377 1387 556 1419 custodiam

285 1436 306 1469 J
308 1435 466 1467 ohannem
492 1435 651 1475 subvexit,

235 1483 299 1515 Per
325 1483 468 1515 solamen
495 1484 635 1515 animam

286 1534 375 1563 tuam
400 1531 449 1563 sic
474 1532 587 1563 erexit.

154 1621 212 1654 25.
234 1619 295 1658 Qui
322 1627 397 1651 vere
420 1618 618 1658 justissimus

286 1675 401 1706 passus
427 1676 487 1707 pro
513 1667 652 1707 injustis,

239 1714 305 1747 Sed
332 1719 363 1746 et
389 1724 407 1746 a
428 1715 587 1747 militibus

287 1763 448 1803 praesidis
474 1764 614 1804 injustis,

239 1813 322 1845 Item
348 1811 407 1843 sub
431 1812 597 1852 judicibus

284 1869 400 1900 passus
427 1863 477 1893 est
500 1861 630 1901 injustis

238 1908 348 1949 Atque
373 1917 445 1940 cum
468 1909 651 1942 latronibus

287 1965 386 1997 opere
410 1958 550 1998 injustis,

155 2046 212 2078 26.
239 2044 338 2084 Cujus
364 2042 426 2075 fuit
450 2045 559 2084 passio

291 2092 399 2124 carnis
423 2093 459 2124 in
483 2097 605 2126 natura

242 2140 440 2174 Credentum
467 2141 601 2183 collegio

267 2218 270 2224 ,
290 2189 426 2221 multum
450 2189 633 2232 profutura,

240 2237 314 2269 Hac
338 2242 513 2278 parentum
539 2239 644 2280 lapsio

291 2288 363 2318 erat
388 2290 540 2319 curatura

243 2333 397 2375 Goelique
422 2336 547 2375 apertio

290 2382 402 2415 electis
428 2382 549 2418 futura.

784 75 855 112 190
905 94 952 99 —

784 241 848 273 111.

851 345 908 377 27.
937 342 996 383 Qui
1021 340 1163 374 salvavit
1187 338 1305 371 merito

981 399 1059 423 suae
1083 387 1247 430 passionis

935 439 1113 472 Credentes
1139 446 1160 468 a
1186 436 1296 468 debito

987 484 1265 519 condemnationis

930 535 992 568 Vel
1015 544 1076 576 pro
1102 534 1200 574 culpa
1222 533 1328 566 indito

983 593 1105 624 pravae
1131 582 1268 615 aetionis

934 632 996 664 Vel
1020 632 1108 673 ligno
1133 631 1250 664 illicito

983 680 1222 721 prohibitionis.

852 770 910 802 28.
937 767 999 808 Qui
1024 771 1057 799 ut
1083 768 1178 800 homo
1206 775 1340 798 carneus

988 825 1083 848 cruce
1109 818 1159 848 est
1184 818 1347 855 extensus,

937 863 1029 897 Siout
1054 871 1188 905 serpens
1213 871 1331 895 aeneus

985 913 1063 953 palo
1089 917 1137 945 est
1162 920 1326 952 appensus

935 961 1022 994 Mihi
1046 962 1200 1002 princeps
1226 959 1357 1000 Stygius

986 1010 1083 1042 nimis
1110 1012 1160 1042 est
1183 1007 1341 1043 infensus,

936 1058 1035 1091 Unde
1059 1061 1109 1091 sto
1134 1058 1169 1090 in
1194 1056 1346 1098 precibus

986 1108 1093 1139 animo
1119 1114 1303 1146 suspensus.

855 1196 911 1228 29.
938 1195 1000 1234 Qui
1026 1203 1087 1235 per
1111 1195 1182 1226 Tau
1206 1191 1354 1225 fidelium

989 1241 1114 1275 frontes
1139 1241 1309 1281 insignivit

938 1290 1011 1323 Nec
1034 1300 1098 1323 non
1124 1293 1234 1331 postes
1259 1290 1416 1322 mentium

990 1340 1147 1379 sanguine
1171 1337 1290 1376 linivit,

937 1387 1002 1420 Pro
1026 1387 1121 1419 nobis
1143 1386 1341 1426 supplicium

989 1436 1093 1468 crucis
1120 1444 1190 1468 cum
1217 1434 1348 1475 subivit,

938 1484 983 1516 Et
1008 1484 1162 1516 virtutem
1187 1483 1326 1515 hostium

989 1531 1118 1564 fortiter
1144 1531 1308 1564 contrivit.

855 1620 912 1653 30.
937 1619 999 1659 Qui
1022 1628 1083 1659 per
1107 1619 1243 1660 virgam,
1270 1618 1424 1650 baculum

989 1668 1042 1699 vel
1067 1676 1128 1707 per
1152 1670 1298 1698 sanctam
1325 1675 1454 1699 crucem

942 1715 1073 1748 Devicit
1099 1714 1275 1756 diabolum,

990 1764 1156 1796 inimicum
1181 1766 1317 1799 trucem,

942 1812 1046 1845 Nobis
1071 1812 1328 1846 sustentaculum

990 1861 1075 1893 hanc
1101 1860 1194 1893 dedit
1219 1864 1253 1892 et
1277 1861 1403 1902 ducem,

941 1910 1030 1950 Quae
1053 1919 1115 1950 per
1141 1910 1263 1942 cultum
1288 1909 1439 1941 sedulum

993 1958 1090 1991 ducat
1116 1966 1174 1990 nos
1199 1958 1235 1990 in
1258 1958 1374 1990 lucem.

858 2046 914 2078 31.
944 2044 1042 2086 Cujus
1070 2054 1149 2078 crux
1175 2048 1225 2077 est
1249 2044 1395 2085 baculus,

993 2103 1055 2134 per
1080 2103 1177 2135 quem
1199 2096 1419 2126 sustentamur

943 2142 990 2175 Et
1013 2143 1053 2175 ab
1079 2142 1295 2176 infernalibus

993 2191 1126 2224 canibus
1150 2193 1304 2230 tutamur,

946 2239 1019 2272 Hac
1044 2240 1088 2272 ad
1112 2240 1200 2273 viam
1224 2239 1375 2279 protinus

995 2288 1084 2320 vitae
1110 2288 1288 2328 dirigamur

946 2336 993 2368 Et
1017 2346 1037 2368 a
1062 2336 1185 2369 cunetis
1211 2336 1359 2368 hostibus

996 2394 1125 2426 semper
1150 2387 1370 2426 protegamur.
