1656 2674
736 118 1000 155 —145-—

217 215 248 248 9.
276 211 438 259 Iacturas‚
465 215 510 248 mi
537 216 677 260 (lomina,

325 263 421 297 Nunc
447 263 680 297 catholicorum

279 312 437 346 Precibus
463 314 631 346 resarcina

325 360 413 395 Gens
439 370 519 403 quas
544 371 745 403 paganorum

274 409 364 451 Ipsis
389 419 450 451 per
474 410 642 443 molimina

327 458 446 492 lntulit.
471 457 642 499 bellorum,

275 506 406 540 Occisos
432 507 476 539 ad
499 507 629 547 agmina

324 555 435 588 Ducas
458 555 636 588 beatorum.

196 612 253 646 10.
280 609 444 646 Karitatis
470 613 620 655 unguine,

326 661 447 702 Mater,
475 670 534 693 nos
559 665 724 702 connecte,

273 708 404 742 Livoris
432 710 621 742 discrimine

322 757 457 790 Dirutos
485 757 649 797 despecte,

273 804 372 847 Legis
396 806 445 838 sic
468 805 623 847 ligamine

323 855 521 894 Conjunctos
546 855 693 895 perfecte

272 902 347 935 Duc
371 911 433 943 pro
460 907 515 936 tuo
539 903 671 936 nomine

320 951 376 984 Ad
404 952 510 983 coelos
539 952 672 986 directe.

188 1008 243 1042 11.
272 1004 395 1042 Latens
420 1009 456 1041 in
481 1011 514 1040 te
541 1009 645 1042 deitas

322 1056 416 1099 Olim,
445 1066 463 1089 o
489 1056 596 1099 beata,

276 1105 341 1137 Per
366 1114 463 1145 quam
489 1109 537 1137 est
563 1106 746 1139 humanitas

319 1153 408 1186 Mire
431 1157 596 1195 reparata,

273 1202 367 1235 Meas
392 1202 607 1243 negligentias

322 1250 433 1283 Tollat
459 1253 492 1282 et
515 1253 661 1290 peccata,

272 1299 350 1339 Quis
376 1307 468 1331 mens
494 1307 554 1339 per
579 1299 740 1332 versutias

317 1347 432 1380 Hostis
459 1350 508 1380 est
532 1347 645 1389 ligata.

184 1404 241 1438 12.
269 1400 403 1438 Manum
428 1404 552 1445 praebe
575 1405 712 1438 mortuis

318 1453 425 1486 Tuum
450 1454 490 1487 ob
512 1453 640 1495 insigne

267 1501 405 1540 Nomen,
434 1501 489 1543 qui
520 1502 680 1534 continuis

316 1550 525 1591 Torquentur
549 1550 583 1583 in
608 1550 684 1591 igne

266 1599 396 1639 Poenis,
424 1599 482 1632 hos
505 1599 674 1640 perpetuis

319 1647 459 1680 Gaudiis
484 1647 626 1689 benigne

266 1694 368 1736 Infer,
396 1705 459 1737 quo
483 1696 625 1729 assiduis

315 1745 363 1777 Te
388 1744 461 1777 odis
486 1744 623 1778 laudent
647 1744 753 1787 digne.

182 1803 240 1839 13.
267 1799 370 1837 Nobis
395 1811 522 1844 quoque
547 1802 686 1843 miseris,

314 1851 430 1884 Dulcis
457 1861 475 1884 ο
501 1852 622 1894 puella,

266 1899 431 1933 Nantibus
455 1900 492 1933 in
518 1899 644 1941 asperis

316 1949 355 1982 In
381 1949 497 1984 mundi
522 1949 678 1990 procella,

267 1998 370 2039 Opem
396 1996 447 2031 fer
474 1997 516 2031 de
541 1998 668 2039 superis

312 2046 378 2083 Vel
403 2047 444 2080 de
470 2047 552 2079 coeli
579 2047 671 2090 cella,

263 2096 346 2136 Quia
370 2098 407 2128 tu
434 2096 632 2129 describeris

313 2145 418 2178 Recte
440 2145 543 2179 maris
568 2145 676 2180 stella.

176 2204 231 2238 14.
262 2200 288 2238 Ο
316 2204 407 2237 sidus
436 2201 607 2245 deiferum,

309 2252 407 2287 Sidus
433 2252 605 2295 virginale,

258 2301 423 2335 Emittens
449 2311 511 2344 per
535 2304 664 2335 uterum

308 2351 434 2385 Lumen
461 2352 615 2394 speciale,

259 2398 377 2443 Aufer,
403 2403 491 2442 peto,
519 2401 679 2434 scelerum

313 2448 419 2483 Chaos
447 2450 625 2496 criminale,

236 2509 257 2534 D
264 2516 277 2533 r
284 2516 317 2534 ev
325 2516 355 2534 es
366 2527 372 2538 .
388 2509 520 2534 Udalriens
535 2508 749 2534 Wessofontanus.

897 315 951 349 15.

894 711 949 745 16.

890 1106 947 1140 17.

890 1503 947 1538 18.

886 1901 944 1935 19.

883 2302 940 2336 20.

979 218 1031 250 Ne
1056 217 1188 251 tandem
1210 217 1245 249 in
1270 216 1459 249 barathrum

1028 267 1162 307 Mergar
1188 265 1376 308 gehennale.

979 311 1097 349 Pexim
1123 314 1352 348 venerantibus

1028 364 1085 405 Te,
1112 366 1216 395 mater
1241 362 1392 405 Messi-ae,

978 411 1071 444 Votis
1097 412 1150 444 vel
1175 411 1371 444 carminibus

1027 461 1133 501 HuJus
1159 459 1371 501 symphoniae

979 508 1080 541 Adsis
1105 508 1169 540 tuis
1195 507 1347 549 precibus

1027 556 1128 590 Modo
1154 556 1268 589 matris
1292 557 1377 597 piae,

977 604 1168 638 Laedantur
1193 605 1234 637 ab
1260 603 1408 638 hostibus

1027 653 1080 685 Ne
1104 653 1138 684 in
1163 653 1223 686 illa
1247 653 1309 685 die.

979 709 1131 750 Quadrus
1157 710 1246 743 orbis
1268 711 1391 752 jugiter

1025 760 1066 793 ln
1091 764 1125 793 te
1150 759 1344 800 gratulatur,

978 809 1060 847 Quia
1084 807 1279 840 mirabiliter

1027 856 1090 888 Per
1114 858 1148 887 te
1173 858 1357 896 reparatur,

976 904 1066 936 Deus
1094 912 1165 936 cum
1190 903 1375 944 benigniter

1025 954 1064 986 In
1090 955 1124 985 te
1147 952 1338 984 incarnatur

974 1000 1022 1035 Et
1046 1009 1143 1033 carne
1167 999 1310 1033 finaliter

1025 1048 1117 1082 Patri
1146 1048 1343 1082 immolatur.

974 1103 1110 1146 Repara
1134 1115 1205 1145 nos,
1235 1106 1402 1147 deprecor,

1024 1154 1135 1187 Mater
1161 1155 1304 1195 pietatis,

976 1201 1138 1235 Gravibus
1164 1211 1239 1235 nam
1265 1202 1416 1243 implicor

1021 1251 1067 1283 Et
1089 1251 1199 1283 multis
1223 1252 1366 1292 peccatis

977 1300 1008 1333 A
1035 1300 1089 1332 via
1116 1299 1277 1332 destituor

1025 1348 1078 1381 Ita
1103 1347 1277 1389 probitatis

975 1395 1195 1436 Semitamque
1218 1404 1397 1437 prosequor

1023 1444 1142 1478 Mundi
1167 1444 1332 1477 vanitatis.

975 1498 1081 1536 Stella
1105 1502 1282 1542 splendens
1305 1502 1428 1534 coelica

1025 1550 1148 1584 Lucem
1173 1550 1336 1592 copiosam

975 1598 1077 1642 Dans,
1107 1607 1189 1640 quae
1214 1599 1307 1639 fugat
1332 1598 1460 1632 lubrica

1025 1649 1228 1690 culpamque
1251 1648 1404 1689 lutosam,

974 1696 1012 1730 In
1038 1697 1104 1730 ista
1128 1699 1162 1728 te
1187 1696 1374 1738 rhythmica

1024 1745 1097 1778 Oda
1122 1745 1297 1785 gloriosam

971 1792 1177 1827 Laudantem
1203 1792 1397 1835 splendifica

1020 1842 1168 1875 Mentem
1194 1842 1411 1876 tenebrosam.

972 1898 1151 1936 Thalamus
1175 1903 1213 1932 tu
1240 1899 1358 1933 diceris

1023 1948 1147 1983 Christi
1170 1949 1337 1993 nuptialis,

972 1998 1095 2033 Carens
1123 1998 1240 2039 culpae
1265 1998 1411 2030 tenebris

1021 2046 1241 2088 Omnibusque
1265 2047 1370 2086 malis,

971 2094 1123 2130 Defende
1148 2104 1200 2127 me
1225 2096 1346 2129 teneris

1019 2145 1100 2177 Tuis
1124 2153 1212 2176 nunc
1236 2144 1296 2177 sub
1321 2145 1393 2184 alis,

969 2193 1119 2228 Vinculis
1143 2201 1185 2225 ne
1212 2194 1353 2226 carceris

1018 2243 1150 2275 Tradar
1173 2241 1356 2276 infernalis.

967 2297 1085 2336 Vellus
1119 2298 1350 2345 Gedeonicum‚

1018 2349 1109 2383 Coeli
1132 2349 1261 2390 plutum
1286 2359 1372 2391 rore,

965 2400 1129 2441 Populum
1154 2398 1329 2433 Judaicum

1018 2448 1160 2482 Servans
1187 2458 1207 2481 a
1231 2448 1361 2491 timore,
