1656 2674
204 202 237 232 ‘.
264 200 348 241 Ave,
375 201 600 241 praedicabile

317 248 432 282 Crucis
460 249 581 283 Christi
608 250 745 292 signum.

267 298 424 332 Omnibus
451 298 602 341 amabile,

315 348 411 381 Omni
436 348 536 381 laude
563 348 703 390 dignum,

267 396 294 429 O
320 396 560 430 inaestimabile

314 445 465 479 Paradisi
489 446 624 487 lignum,

264 493 372 527 Aufer
397 502 492 526 omne
514 492 623 527 flebile

314 543 517 584 Hostemque
541 544 727 584 malignum.

235 646 242 654 .
269 622 352 663 Ave,
381 629 460 653 crux
484 621 685 662 signaculum

313 669 503 702 Timorosae
527 670 656 711 mentis,

266 718 407 751 Animae
429 718 596 759 piaculum

318 767 396 800 Sese
422 767 598 808 punientis,

264 815 378 848 Hostis
404 814 499 848 aufer
520 816 666 856 Jaculum

313 865 354 898 In
380 873 439 896 nos
463 864 674 905 insurgentis,

265 913 441 946 Praestans
464 913 685 945 habitaculum

313 961 411 994 Vitae
434 961 668 1002 permanentis.

232 1065 239 1074 .
266 1039 349 1079 Ave,
378 1047 457 1071 crux
483 1047 566 1079 quae
590 1037 706 1070 inferis

315 1087 464 1128 Stragem
489 1087 682 1127 procurasti,

265 1136 346 1170 Cum
372 1138 536 1167 auctorem
560 1135 701 1167 aetheris

312 1184 351 1216 In
377 1187 410 1215 te
434 1183 602 1224 bajulasti,

263 1232 314 1264 Tu
340 1231 461 1273 piatrix
486 1231 619 1263 sceleris

310 1281 406 1313 Adae
431 1280 640 1321 protoplasti>

261 1329 409 1362 Trahens
435 1329 521 1361 hunc
546 1338 566 1361 a
590 1328 734 1361 tenebris

310 1379 349 1411 In
376 1377 500 1410 coelum
526 1377 652 1410 locasti.

555 1454 586 1487 8.
614 1455 696 1495 Ave,
723 1454 927 1487 admirabilis

912 204 943 237 5.
973 206 1053 245 Ave,
1083 212 1161 236 crux
1188 203 1389 236 credentium

1018 252 1138 284 Tutum
1165 250 1373 285 defensamen

970 301 1041 333 Nec
1064 310 1130 333 non
1154 301 1389 342 poenitentium

1019 350 1140 382 Verum
1166 358 1362 390 recreamen,

969 398 1137 430 Mentibus
1162 398 1341 440 lugentium

1017 448 1154 480 Praesta
1178 447 1394 480 consolamen.

972 495 1012 528 In
1036 498 1125 528 terra
1149 495 1325 528 vivent-ium

1020 543 1152 576 Ducens
1178 546 1253 585 post
1278 552 1422 577 examen.

935 649 942 656 .
969 621 1051 661 Ave,
1080 630 1159 653 crux
1185 630 1268 662 quae
1293 621 1446 662 gaudium

1017 669 1157 702 Satanae
1182 669 1319 710 solvisti,

970 718 1104 757 Quando
1129 721 1275 751 nostrum
1300 718 1452 758 pretium.

1018 766 1142 807 Corpus
1168 766 1247 799 Jesu
1274 765 1405 807 Christi,

968 815 1104 848 Tortum
1128 824 1190 855 per
1212 815 1405 855 martyrium

1016 864 1056 897 In
1080 866 1114 895 te
1138 864 1314 904 protulisti,

969 911 1014 944 Et
1039 912 1087 944 sic
1114 912 1205 944 nobis
1230 912 1410 952 praemium

1021 960 1110 994 Coeli
1135 961 1341 1001 praestitisti.

934 1064 940 1071 .
967 1038 1049 1077 Ave,
1080 1046 1157 1069 crux
1182 1046 1264 1078 quae
1289 1038 1429 1078 impetus

1015 1085 1155 1127 Frangis
1179 1086 1355 1127 sataninos‚

969 1133 1103 1173 Quando
1131 1133 1280 1167 Christus
1305 1136 1441 1175 gemitus

1015 1182 1054 1214 In
1079 1184 1113 1214 te
1139 1183 1197 1215 dat
1221 1183 1365 1224 agninos,

968 1230 1109 1263 Nostrae
1135 1230 1241 1263 carnis
1267 1232 1423 1272 strepitus

1014 1277 1119 1311 Aufer
1144 1279 1297 1320 asininos,

965 1326 1151 1368 Largiendo
1177 1327 1307 1360 habitus

1014 1376 1118 1409 Nobis
1143 1376 1334 1409 turturinos.

664 1504 753 1537 Crux
779 1506 811 1535 et
836 1503 960 1544 lignum
985 1502 1082 1543 vitae,

615 1551 756 1584 Satanae
780 1552 951 1593 terribilis,

661 1600 765 1633 Nobis
791 1609 868 1634 vero
893 1601 982 1643 mite,

612 1649 702 1682 Loca
725 1659 784 1682 nos
809 1650 843 1682 in
871 1649 1014 1682 dexteris

663 1698 742 1731 Cum
770 1698 914 1731 dicetur:
940 1699 992 1732 Ite

612 1747 774 1788 Reprobis
800 1748 859 1780 sed
886 1747 1046 1780 credulis:

660 1795 791 1828 Mecum
816 1804 902 1828 nunc
925 1796 1044 1829 venite.

276 1882 358 1911 Orat.
380 1891 435 1911 ms.
456 1883 598 1920 Tcgurin.
620 1891 698 1912 saec.
720 1881 765 1911 15.
788 1882 861 1911 Clm.
884 1883 1002 1912 Monac.
1026 1880 1127 1912 19824
1146 1883 1198 1911 fol.
1220 1880 1275 1911 221
1299 1891 1325 1911 a.

374 2006 412 2039 11.
455 2007 564 2040 Oratio
586 2007 804 2049 poenitentiae
828 2007 869 2039 ad
890 2006 1049 2040 Christum
1071 2008 1103 2039 et
1122 2015 1180 2049 pro
1202 2007 1282 2039 bono
1304 2006 1376 2039 fine.

198 2091 229 2124 1.
259 2090 285 2124 Ο
311 2090 388 2122 vitis
416 2090 548 2131 coelica,

306 2139 398 2180 cujus
423 2137 554 2172 mirifici

256 2188 389 2222 Amoris
414 2188 504 2230 potio

304 2238 426 2271 evincit
452 2238 584 2281 Cyprici

254 2287 331 2321 Vini
359 2287 566 2320 dulcedinem

304 2338 338 2369 et
360 2336 468 2369 mellis
495 2336 610 2370 Attici,

253 2386 323 2427 Qua
348 2394 400 2418 me
426 2395 467 2418 ex
490 2386 615 2419 intimis

302 2444 401 2468 exoro
430 2433 533 2470 refici.

903 2091 935 2124 2.
963 2090 1033 2123 Ista
1059 2089 1265 2122 conscribere

1011 2138 1076 2171 oda
1101 2138 1255 2171 exordior

963 2187 1130 2220 Honorem
1154 2187 1294 2220 nominis

1011 2237 1070 2278 tui,
1097 2245 1159 2278 quo
1185 2236 1318 2277 glorior,

961 2285 1047 2319 Nam
1075 2285 1277 2319 Christianus
1308 2294 1376 2317 sum

1011 2338 1044 2367 et
1068 2335 1116 2368 ita
1141 2334 1300 2375 nominor,

963 2384 1116 2425 Quamvis
1141 2382 1295 2418 fidelibus

1013 2433 1137 2466 cunctis
1162 2432 1309 2467 inferior.
