1656 2674
123 125 176 161 10.
204 124 405 163 Kathedram
435 127 572 161 tradidit

251 179 348 212 Petro
374 176 530 210 ecclesiae

204 226 502 266 Auctoritatemque

254 276 346 308 dedit
370 273 527 316 plenarie,

205 323 336 364 Dicens,
364 323 450 365 quod
476 322 610 356 solveris

254 376 289 406 tu
314 371 496 414 arbitrarie,

207 421 347 454 Tenebit
371 421 487 454 solium

256 470 403 503 coelestis
431 468 548 503 curiae.

126 547 183 582 11.
209 545 277 582 Lex
304 547 399 587 hujus
428 546 601 578 cathedrae

257 605 336 628 nunc
366 596 398 627 in
427 593 587 634 episcopis

213 644 324 679 Glaret
350 643 483 676 realiter

258 696 353 733 atque
374 690 587 733 presbyteris,

209 741 269 781 Qui
294 741 357 773 rite
382 739 570 781 praesident

259 789 325 822 suis
353 788 498 821 ecclesiis

213 839 264 870 Ac
285 837 382 878 justis
407 837 572 869 instruunt

247 885 367 918 sanctis
394 888 427 917 et
450 883 591 918 monitis

129 964 185 998 12.
213 959 306 997 Miris
332 962 537 1003 resplenduit

267 1011 413 1044 Christus¹
439 1010 608 1052 prodigiis,

214 1060 291 1093 Vita
315 1059 483 1098 laudabili,

264 1108 418 1141 doctrinis
446 1107 554 1148 variis,

216 1157 336 1197 Quibus
364 1156 524 1189 consuluit

262 1205 382 1238 nostris
407 1204 555 1245 miseriis,

220 1254 268 1288 Ut
291 1254 409 1294 scripsi
435 1253 577 1286 breviter

264 1306 337 1335 octo
362 1302 507 1335 rosariis.

139 1377 194 1411 13.
220 1373 303 1411 Ram
329 1375 375 1408 ibi
401 1375 507 1417 angeli

267 1427 418 1457 narratur
444 1423 563 1463 missio,

223 1473 403 1506 Consensus
429 1472 572 1513 virginis,

272 1521 394 1554 Christi
420 1521 597 1562 conceptio,

221 1570 303 1612 Ejus
329 1569 482 1602 nativitas

271 1622 304 1651 et
328 1618 541 1659 circumcisio,

220 1667 291 1700 Nec
314 1677 379 1700 non
404 1667 629 1700 sanctissimae

269 1717 357 1748 vitae
382 1716 578 1757 progressio,

137 1790 194 1824 14.
224 1786 359 1823 Omissis
383 1788 483 1830 igitur

270 1838 394 1871 ibidem
418 1837 545 1879 positis,

224 1887 325 1920 Stilus
351 1886 549 1920 convertitur

275 1936 318 1968 ad
344 1936 474 1968 laudem
499 1934 646 1976 virginis,

226 1984 326 2024 Cujus
353 1983 393 2017 ob
420 1983 561 2025 gratiam

276 2032 379 2066 dulcis
405 2032 573 2065 amaminis

226 2081 332 2122 Hujus
358 2081 531 2123 aggredior

276 2139 356 2163 onus
384 2129 577 2163 dictaminis.

143 2208 199 2242 15.
227 2205 317 2242 Proh
339 2208 456 2248 pudor,
483 2207 676 2247 obstrepunt

277 2256 337 2290 sed
362 2257 465 2289 multa
490 2255 570 2288 vitia

227 2305 356 2338 Lumen
380 2305 502 2347 ingenii

276 2353 500 2396 impedientia,

753 26 826 63 114
873 45 922 51 —-

820 348 877 382 16.

826 767 883 802 17.

828 1179 883 1214 18,

837 1591 891 1626 19.

843 2011 898 2045 20.

901 122 1023 163 Quibus
1048 123 1081 154 et
1105 120 1266 162 premitur

949 169 1176 212 intelligentia,

904 220 955 254 Ne
979 221 1067 252 clare
1094 218 1201 259 capiat

955 267 1174 309 expedientia.

904 344 1031 387 Quaeso
1057 345 1261 387 suppliciter,

953 399 1058 428 mater
1082 395 1284 433 clementiae,

892 444 989 478 Meae
1014 443 1175 486 propitius

954 493 1073 526 nubem
1098 492 1247 525 inscitiae

908 541 1088 582 Propellas,
1115 541 1263 573 tribuens

955 591 1063 623 lumen
1089 589 1254 631 scientiae,

908 638 1058 673 Frondes
1083 638 1204 680 ingenii

959 690 992 721 et
1015 696 1124 721 rorem
1152 688 1286 728 gratiae.

910 763 1033 801 Rorem
1060 765 1210 799 desidero

955 814 1087 847 missum
1116 814 1282 857 divinitus,

911 863 972 903 Qui
997 867 1128 895 sanctus
1153 862 1309 896 scribitur

960 913 994 945 in
1018 913 1091 953 lege
1116 912 1260 953 spiritus,

910 960 1003 994 Meas
1029 960 1159 993 aboleat

961 1013 998 1042 ut
1022 1018 1125 1042 noxas
1151 1009 1291 1050 penitus,

911 1057 995 1091 Olim
1020 1058 1222 1090 inhaeseram

960 1107 1077 1147 quibus
1102 1107 1302 1142 medullitus

910 1175 1078 1219 Superbus
1105 1179 1222 1211 etenim

961 1226 1009 1260 fui
1035 1231 1066 1259 et
1091 1227 1232 1264 invidus,

913 1277 1065 1316 Amarus,
1095 1276 1235 1317 tepidus,

963 1325 1077 1365 iratus,
1100 1325 1254 1366 lubricus,

918 1372 1021 1407 Gulae
1052 1373 1237 1407 deserviens

966 1422 1104 1463 vinoque
1131 1422 1261 1455 deditus

917 1470 1066 1511 Meisque
1092 1471 1233 1512 turpiter

969 1520 1093 1552 excessi
1118 1518 1277 1552 sensibus,

920 1588 1021 1627 Totus
1046 1593 1193 1633 subjacui

974 1642 1089 1682 culpae
1113 1642 1263 1683 piaculis,

923 1689 1160 1724 Offensionibus

972 1743 1005 1771 et
1028 1740 1153 1781 magnis
1181 1738 1356 1780 scandalis,

923 1787 1012 1828 Quae
1036 1788 1121 1829 gessi
1147 1788 1295 1829 nequiter

971 1837 1007 1869 in
1031 1838 1112 1869 meis
1137 1837 1286 1876 saeculis,

923 1885 976 1918 Ea
1000 1886 1055 1918 vix
1080 1886 1257 1918 scriberem

972 1934 1064 1967 mille
1087 1934 1268 1968 versieulis.

926 2006 971 2044 Ut
998 2018 1073 2050 ergo
1100 2008 1227 2049 dignius

974 2058 1039 2092 tuis
1070 2057 1200 2089 assidue

926 2107 1079 2141 Insistam
1105 2104 1267 2144 laudibus,

974 2154 1147 2195 praedicta
1173 2153 1275 2192 dirue,

928 2205 1067 2237 Precatu
1092 2201 1233 2234 animum

973 2252 1094 2284 virtute
1115 2249 1224 2283 imbue

926 2300 972 2333 Et
996 2299 1176 2333 intellectui

974 2348 1117 2391 vigorem
1144 2347 1260 2380 tribue.
