1656 2674
729 98 995 135 —177—

180 299 237 333 41.
266 299 328 339 Qui
355 301 397 333 de
423 302 565 343 quinque
586 305 737 348 panibus,

314 357 394 389 quos
420 351 662 394 multiplicavit,

264 397 315 430 Ac
342 397 467 431 duobus
492 399 639 440 piscibus

313 446 432 479 multos
458 448 601 489 satiavit,

264 494 330 528 Per
352 495 415 528 hoc
440 504 476 527 se
498 496 668 530 affectibus

313 543 419 583 plebis
445 544 494 576 sic
519 545 655 586 aptavit,

264 591 357 626 Ouod
383 593 491 633 ipsum
517 602 599 634 prae
624 593 772 626 omnibus

311 649 422 682 regem
449 642 626 683 exoptavit.

176 717 234 751 42.
262 718 324 758 Qui
349 718 487 751 sacratis
510 718 651 759 pedibus

310 766 443 799 transiit
467 776 528 807 per
551 776 643 799 mare

260 814 307 848 Et
331 824 406 847 suos
432 815 464 847 in
491 814 643 848 fluctibus

309 863 424 896 videns
445 863 609 905 laborare,

259 910 439 945 Ventorum
462 912 658 953 impulsibus

311 960 464 1002 dignatur
490 961 621 994 obstare

259 1010 311 1042 Ac
333 1010 465 1042 illaesos
490 1010 621 1051 penitus

308 1067 383 1090 SUOS
411 1066 617 1092 conservare.

174 1137 231 1169 43.
259 1134 321 1176 Qui
346 1145 426 1168 vasa
453 1135 591 1176 diripuit

308 1181 402 1216 fortis
427 1183 514 1216 hunc
538 1183 681 1224 ligando,

254 1232 361 1265 Carne
387 1241 458 1265 cum
483 1232 655 1264 succubuit

306 1289 341 1312 se
365 1281 400 1313 in
425 1283 563 1313 mortem
590 1281 699 1313 dando

256 1329 322 1363 Sed
349 1330 478 1371 quaudo
504 1328 652 1362 refloruit

308 1387 328 1410 a
350 1377 466 1410 tumba
490 1378 654 1420 surgendo

258 1426 372 1468 Spolia
395 1426 576 1459 tristribuit

308 1484 384 1508 suos
409 1475 592 1508 liberando.

174 1554 231 1588 44.
259 1553 321 1593 Qui
345 1552 481 1586 videbat
506 1552 660 1585 Satanam

310 1602 351 1634 de
378 1602 466 1635 coelo
494 1602 674 1643 cadentem,

258 1650 301 1684 Se
326 1653 442 1683 contra
465 1650 646 1690 potentiam

306 1699 371 1732 Dei
393 1699 583 1741 erigentem,

259 1749 337 1790 Ipse
364 1749 430 1787 ἀεῖ,
455 1750 493 1780 ut
517 1756 669 1788 respuam

306 1797 395 1829 hunc
416 1797 538 1829 malum
563 1800 759 1840 serpentem,

258 1846 391 1879 Peccati
416 1846 575 1879 malitiam

307 1895 387 1927 mihi
411 1895 675 1936 persuadentem.

170 1974 228 2009 45.
257 1973 318 2014 Qui
345 1982 418 2006 cum
442 1976 539 2014 patre
562 1973 710 2014 parvulis

305 2026 432 2055 reserat
456 2025 593 2063 secreta,

255 2073 345 2114 Quae
369 2072 447 2105 olim
472 2081 493 2104 a
517 2071 656 2104 saeculis

302 2119 435 2153 fuerant
461 2120 604 2161 decreta,

253 2171 278 2205 Ο
302 2172 410 2203 mater
435 2169 596 2209 amabilis,

297 2219 405 2260 gratia
428 2219 567 2261 repleta,

251 2268 356 2302 Nobis
380 2269 445 2302 tuis
471 2266 603 2301 famulis

299 2318 389 2351 adsis
414 2320 524 2350 mente
548 2318 645 2351 laeta.

837 217 877 251 V.

886 305 943 338 46.

889 720 947 755 47.

883 1135 940 1169 48.

880 1553 937 1587 49.

881 1973 935 2007 50.

973 303 1071 345 Cujus
1097 313 1132 336 se
1158 304 1340 337 amantibus

1016 353 1130 394 jugum
1157 356 1206 385 est
1230 362 1339 393 suave,

970 399 1057 433 Nam
1081 402 1171 434 levat
1195 402 1402 442 portantibus

1021 458 1101 482 onus
1124 450 1205 491 legis
1231 459 1340 494 grave,

971 497 1047 530 Tibi
1073 497 1306 531 famulantibus

1019 556 1072 579 me
1097 546 1243 579 sodalem
1268 545 1354 587 fave,

972 594 1088 635 Dignis
1108 597 1142 626 et
1167 595 1374 627 concentibus

1021 643 1082 676 tibi
1110 643 1214 675 dicam
1241 645 1321 676 Ave.

974 720 1034 753 om
1059 721 1194 753 Martha
1220 722 1368 754 convivia

1019 769 1106 801 laeta
1126 770 1347 813 praeparavit,

971 817 1071 850 Soror
1095 817 1265 850 stillicidia

1021 865 1114 898 verbi
1142 866 1335 911 degustavit,

970 914 1062 954 Quod
1088 913 1241 946 Marthae
1261 914 1393 955 ignavia

1016 962 1100 995 bene
1124 971 1190 994 non
1215 964 1372 1006 portavit,

969 1009 1035 1042 Sed
1062 1010 1184 1044 Christi
1210 1012 1382 1044 clementia

1016 1059 1106 1091 illam
1129 1059 1305 1091 excusavit.

970 1134 1031 1174 Qui
1055 1136 1090 1168 in
1116 1137 1216 1168 corda
1241 1137 1378 1169 seminat

1013 1184 1160 1216 triticum
1186 1185 1334 1225 electum,

965 1231 1078 1264 Hostis
1104 1233 1342 1273 superseminat

1016 1281 1128 1313 lolium
1157 1281 1356 1323 despectum,

966 1328 1033 1362 Sed
1059 1330 1208 1363 Christus
1229 1331 1292 1362 hoc
1318 1333 1493 1372 congregat

1015 1378 1051 1410 in
1076 1377 1200 1411 fascem
1225 1379 1398 1411 collectum

964 1425 1011 1459 Et
1035 1435 1096 1467 per
1118 1427 1226 1468 ignem
1254 1430 1438 1459 concremat

1013 1475 1115 1508 veluti
1140 1474 1326 1509 frutectum.

966 1552 1027 1592 Qui
1052 1553 1224 1586 thesaurus
1249 1553 1381 1587 inclitus

1014 1604 1065 1634 est
1089 1602 1181 1644 regni
1208 1602 1382 1645 coelorum,

965 1650 1027 1690 Qui
1051 1651 1135 1683 latet
1159 1651 1371 1684 absconditus

1013 1698 1047 1731 in
1077 1700 1177 1732 corde
1200 1701 1338 1741 piorum,

962 1748 1036 1781 Hoc
1060 1751 1097 1780 ut
1117 1746 1210 1781 fruar
1238 1748 1372 1781 coelitus

1016 1805 1087 1829 eum
1115 1800 1208 1829 coetu
1233 1800 1428 1838 sanctorum,

963 1844 1064 1879 Bonis
1094 1854 1180 1878 nunc
1205 1854 1257 1878 me
1280 1846 1410 1886 penitus

1011 1895 1106 1935 privo
1129 1897 1343 1927 terrenorum.

963 1972 1024 2013 Qui
1050 1976 1100 2005 est
1122 1972 1327 2006 admirabilis

1011 2022 1071 2055 illa
1094 2022 1284 2064 margarita,

961 2071 1028 2105 Per
1054 2080 1150 2113 quam
1174 2070 1243 2104 fide
1266 2071 1395 2104 stabilis

1011 2121 1106 2161 plebs
1132 2129 1168 2152 se
1193 2120 1304 2161 privat
1328 2120 1407 2161 vita,

961 2169 1062 2211 Virgo
1088 2169 1223 2202 laudum
1247 2169 1352 2202 titulis

1015 2219 1113 2260 digne
1137 2217 1302 2261 insignita,

963 2266 1137 2301 Minimum
1161 2267 1196 2300 in
1222 2266 1353 2300 famulis

1013 2317 1078 2350 tuis
1104 2318 1167 2350 hac
1191 2326 1244 2349 me
1271 2316 1349 2351 dita.

243 2395 325 2424 Orat.
347 2404 405 2424 ms.
425 2394 610 2432 Tegurinum
633 2403 711 2424 saec.
730 2392 776 2424 15.
800 2393 873 2424 clm.
894 2394 1014 2424 Monac.
1038 2393 1073 2425 19
1083 2393 1150 2425 824.
1167 2395 1218 2424 fol.
1233 2393 1300 2424 241.
1321 2411 1361 2416 —
1381 2394 1408 2431 6,
1429 2393 1449 2425 3
1468 2396 1528 2426 Est

164 2443 242 2464 vera
262 2436 397 2464 essentia
416 2434 473 2463 Hs.

222 2488 244 2511 D
251 2494 264 2511 1·
270 2494 283 2511 e
289 2493 304 2510 v
310 2493 340 2510 es
351 2504 357 2514 ‚
371 2486 505 2512 mah-icus
519 2487 733 2512 Wessofontanue.

1312 2483 1350 2513 12
