1656 2674
259 193 297 226 6.
323 190 423 228 Fidei
448 194 618 236 praesagio

375 242 473 276 Nosti
498 246 733 285 resurgentum,

325 292 427 332 Quem
456 292 610 324 cernebas
636 293 731 325 anxio

377 340 483 373 Corde
507 340 709 382 morientem,

325 388 450 430 Abigat
471 389 575 421 oratio

376 437 448 470 Tua
472 437 591 469 malam
616 441 755 480 gentem,

323 485 552 518 Adhaerentes
582 485 649 518 filio

375 534 445 567 Tuo
470 538 730 575 persequentem.

266 611 298 643 7.
328 607 467 645 Gladius
492 611 675 644 moestitiae

373 659 419 692 Et
442 657 630 692 afflictionis

324 708 448 740 Mentis
474 710 549 740 tuae
572 709 689 741 anxiae

374 755 492 788 Verbis
518 756 676 789 Simeonis

322 805 517 837 Praedictus
543 805 735 846 prophetice

374 853 538 893 Tempore
563 854 675 895 agonis

322 901 394 934 Mei
416 902 522 943 pellat
545 902 692 934 hosticae

375 950 450 982 Vim
475 950 664 983 obsidionis.

260 1028 298 1061 8.
326 1024 468 1061 Humilis
494 1027 674 1071 virginitas⁷

375 1075 469 1109 Omni
496 1084 610 1108 carens
636 1085 749 1117 naevo,

325 1124 427 1163 Quam
453 1124 597 1157 servavit
625 1125 729 1157 deitas

373 1174 404 1205 A
429 1173 524 1212 lapsu
549 1173 726 1216 primaevo,

323 1221 404 1254 Post
429 1221 536 1253 carnis
562 1221 694 1253 exuvias

373 1269 515 1302 Subveni
541 1269 738 1311 grandaevo,

322 1317 375 1349 Ne
400 1318 441 1350 ob
467 1325 520 1349 res
545 1318 678 1350 illicitas

370 1365 468 1399 Hosti
493 1366 608 1399 tradar
633 1375 741 1399 saevo.

256 1446 293 1478 9.
321 1442 469 1479 Iubilans
492 1444 527 1476 in
551 1444 670 1484 gaudio

367 1493 426 1536 Te,
455 1492 596 1524 clemens
621 1492 740 1532 Maria,

317 1543 521 1584 Regnantem
548 1550 620 1573 cum
646 1540 713 1573 filio

366 1589 481 1624 Laudo
504 1592 613 1622 mente
637 1590 704 1631 pia,

318 1640 470 1673 Reducas
497 1638 538 1671 ab
563 1638 651 1671 invio

366 1688 434 1730 Me,
462 1696 480 1719 o
506 1689 612 1719 mater
639 1687 703 1727 dia,

316 1737 456 1778 Proprio
483 1736 539 1777 qui
563 1736 643 1769 vitio

366 1785 532 1819 Retrahor
558 1794 578 1817 a
602 1784 656 1817 via

316 1855 481 1893 Ka1-itatis
504 1857 635 1890 vinculo

365 1906 519 1949 Digneris
550 1906 643 1939 unire

317 1957 473 1990 Odiorum
499 1956 654 1990 scandalo

367 2006 454 2047 Quos
476 2004 569 2037 vides
595 2004 732 2048 saevire,

316 2054 395 2088 Sine
417 2053 612 2086 offendiculo

366 2103 437 2136 Fac
461 2111 520 2135 nos
547 2102 682 2135 obedire

314 2152 386 2186 Deo
413 2154 511 2192 atque
530 2151 644 2184 sedulo

365 2201 472 2235 Corde
497 2200 673 2235 deservire.

230 1859 288 1893 10.

312 2273 403 2311 Luce
427 2274 505 2308 novi
531 2274 649 2307 sideris

363 2324 567 2365 Consurgens
594 2332 723 2365 aurora,

313 2374 475 2407 Residens
497 2373 532 2406 in
558 2373 686 2414 superis

362 2424 449 2457 Prae
475 2423 597 2456 sanctis
626 2422 755 2465 decora,

225 2276 285 2311 11.

784 97 1048 134 —149—

948 421 1003 455 12.

946 837 1002 871 13.

944 1251 1000 1285 14.

941 1665 997 1698 15.

939 2079 994 2112 16.

1031 197 1206 232 Obstrictis
1230 198 1264 230 in
1289 197 1434 230 tenebris

1080 246 1226 280 Gratiam
1253 246 1369 286 irrora,

1030 295 1074 328 Et
1100 297 1176 337 post
1199 303 1320 335 poenas
1346 294 1486 327 carceris

1067 345 1134 377 Fer
1160 343 1202 376 ad
1230 343 1311 376 coeli
1336 342 1417 376 fora.

1031 418 1147 456 Mundi
1170 421 1226 452 lux
1253 423 1285 452 et
1311 420 1449 462 domina,

1078 470 1167 510 Quae
1191 478 1307 510 regnas
1332 470 1366 501 in
1394 469 1500 510 caelis,

1029 518 1204 551 Beatorum
1226 518 1354 558 agmina

1080 566 1180 606 Quam
1208 566 1392 598 collaudant
1417 566 1521 607 melis,

1032 613 1138 647 Aufer
1162 613 1373 646 tribulamina

1080 662 1196 704 Populi
1221 662 1339 703 fidelis,

1030 711 1144 743 Fracti
1169 719 1229 751 per
1253 711 1419 743 molimina

1078 759 1191 792 Hostis
1218 760 1332 800 culpae
1357 760 1440 791 telis.

1029 833 1152 871 Nectar
1178 845 1253 878 ergo
1278 837 1389 877 ingere

1080 884 1328 927 Consolationis,

1031 934 1106 967 Vim
1132 933 1293 973 repellans
1318 933 1457 966 miserae

1079 981 1309 1017 Desolationis,

1030 1030 1205 1071 Supprime
1229 1028 1408 1069 pestiferae

1077 1079 1172 1110 Vires
1200 1077 1350 1121 nationis,

1030 1126 1119 1166 Quae
1145 1125 1253 1166 gliscit
1278 1135 1336 1158 nos
1361 1135 1510 1166 premere

1077 1175 1131 1208 Ad
1157 1174 1288 1206 modum
1311 1175 1498 1214 praedonis.

1030 1248 1055 1285 Ο
1083 1251 1363 1292 peregrinantium

1077 1299 1233 1341 Assylum
1258 1307 1367 1340 suave,

1026 1348 1169 1381 Messiae
1194 1347 1348 1387 palatium

1076 1397 1137 1429 Vel
1163 1396 1232 1436 ejus
1259 1396 1423 1436 conclave,

1026 1445 1113 1478 Mihi
1137 1444 1181 1477 sis
1208 1444 1374 1484 auxilium,

1076 1494 1128 1526 Ne
1153 1492 1340 1533 delinquam
1364 1502 1476 1533 prave,

1025 1542 1087 1582 Qui
1111 1551 1171 1583 per
1197 1541 1304 1573 cordis
1327 1541 1481 1582 gaudium

1074 1591 1151 1623 Tibi
1175 1588 1247 1622 dico
1274 1598 1344 1624 ave.

1026 1661 1093 1698 Pro
1119 1664 1243 1696 honore
1266 1662 1405 1695 nominis

1075 1712 1148 1756 Tui,
1172 1713 1277 1743 mater
1301 1711 1374 1750 Dei,

1026 1762 1131 1795 Odam
1156 1760 1242 1792 hanc
1267 1760 1451 1792 dictaminis

1073 1808 1235 1842 Pulchrae
1259 1809 1380 1849 speciei

1023 1860 1144 1900 Pango,
1167 1860 1204 1889 tu
1228 1857 1398 1898 geniminis

1071 1907 1232 1940 Miserere
1257 1907 1320 1938 mei

1024 1955 1173 1990 Gratiam
1197 1955 1363 1987 solaminis

1075 2005 1138 2039 Tui
1163 2006 1334 2045 praestans
1362 2004 1401 2037 ei.

1025 2076 1151 2117 Quadri
1176 2076 1264 2109 orbis
1290 2076 1421 2110 termini

1074 2126 1189 2160 Canite
1213 2125 1330 2158 beatae

1023 2176 1155 2209 Laudes
1180 2183 1309 2215 semper
1333 2174 1452 2216 virgini

1071 2226 1152 2260 Cum
1176 2223 1355 2263 hilaritate,

1020 2274 1104 2315 Ejus
1131 2281 1188 2307 vos
1214 2272 1364 2314 regimini

1070 2322 1172 2357 Modo
1198 2322 1369 2363 subjugate

1022 2373 1133 2414 Atque
1158 2371 1379 2412 deprecamini

1072 2421 1208 2463 Semper
1235 2421 1469 2457 commendate.
