1656 2674
225 187 262 220 8.

194 982 255 1016 10.

189 1380 248 1414 11.

184 1780 243 1813 12.

179 2182 238 2217 13.

290 185 429 223 Humum
456 191 498 223 de
524 192 634 225 medio

337 239 417 271 tolle
442 240 633 285 satanicum,

293 286 362 326 Quo
387 290 494 329 gestat
519 297 636 330 capere

340 345 472 377 gregem
499 337 704 378 catholicum,

288 384 472 417 Immittens
498 385 636 420 subdole

337 433 426 465 virus
452 433 652 468 haereticum

287 480 352 513 Seu
376 491 437 522 per
462 482 528 515 vim
554 482 704 516 bellicam

337 530 454 571 vulgus
480 532 683 572 paganicum.

251 612 257 620 .
285 583 321 621 Is
346 596 464 629 nempe
488 591 629 629 populus

337 637 441 669 saevit
467 636 638 670 barbarice

291 684 402 717 Plebis
428 685 463 716 in
490 694 626 719 cuneum

333 733 585 777 ecclesiasticae,

284 780 384 820 Quem
410 790 471 822 per
494 784 675 822 potentiam

333 832 410 862 tuae
435 829 627 872 magnificae

285 878 393 911 Prolis
420 888 440 911 a
464 878 583 912 finibus

335 927 525 960 credentum
548 929 665 969 abjice.

282 981 552 1019 Kacodaemonia

329 1042 455 1074 quoque
482 1034 523 1066 de
549 1035 656 1068 medio

279 1081 451 1122 Propellas
476 1081 607 1116 fortiter

328 1133 383 1162 tuo
410 1129 572 1175 suffragio,

279 1178 331 1211 Ne
355 1188 415 1211 nos
440 1179 623 1220 impediant

331 1227 367 1258 in
393 1225 554 1259 famulitio

280 1275 361 1316 Tuo,
389 1275 476 1315 quod
503 1276 627 1317 agimus

328 1323 437 1356 cordis
463 1324 619 1364 tripudio.

273 1377 346 1415 Lux
371 1391 447 1414 nam
474 1391 508 1414 es
534 1383 663 1424 nobilis,

326 1432 384 1464 lux
410 1439 444 1462 es
471 1432 611 1473 egregia,

274 1478 394 1512 Potens
421 1479 564 1520 abjicere

322 1537 468 1569 quaeque
493 1528 668 1570 tristantia,

271 1575 323 1608 De
347 1577 431 1609 coeli
458 1577 599 1610 culmine

318 1625 413 1659 nobis
439 1625 574 1667 irradia,

270 1673 445 1707 lllustrans
471 1674 606 1716 animas,

320 1723 486 1755 exsiccans
511 1723 602 1756 vitia.

271 1776 385 1814 Manat
409 1780 547 1814 mirifice

318 1839 394 1862 nam
421 1840 440 1862 a
465 1833 498 1862 te
523 1829 663 1874 bonitas,

270 1877 409 1911 Nostras
435 1879 593 1920 abjiciens

320 1928 433 1969 culpas
458 1928 666 1969 praeteritas,

268 1975 354 2016 Quas
381 1976 475 2009 nobis
500 1977 613 2010 intulit

318 2026 396 2058 olim
422 2026 599 2067 antiquitas

265 2073 341 2108 Sive
367 2084 447 2116 quas
474 2074 606 2108 addidit

314 2127 430 2157 nostra
454 2124 629 2158 stoliditas,

266 2179 362 2218 Nunc
383 2191 470 2224 ergo,
498 2191 692 2224 quaesumus

311 2235 451 2274 precatu
477 2232 603 2276 sedulo,

260 2281 330 2315 Tuo
356 2281 531 2314 subvenias

312 2340 384 2364 cum
411 2330 609 2364 adminiculo

261 2380 376 2422 Nobis,
404 2380 460 2421 qui
486 2380 666 2422 premimur

288 2430 402 2471 gravi
427 2430 568 2472 piaculo,

747 96 1010 133 —131—

910 299 965 331 14.

906 690 962 723 15.

900 1086 956 1119 16.

896 1483 952 1516 17.

891 1881 946 1916 18.

884 2283 940 2317 19.

993 197 1085 230 Intus
1111 206 1172 239 per
1198 197 1342 239 crimina,

1043 244 1122 278 foris
1149 256 1169 279 a
1193 246 1331 279 saeculo.

994 294 1016 333 Ο
1041 299 1248 341 venerabilis,

1042 356 1060 379 o
1093 347 1196 380 dulcis
1223 348 1361 389 domina,

993 395 1095 435 Quam
1120 396 1258 429 laudant
1279 397 1400 438 jugiter

1040 444 1169 484 piorum
1194 446 1331 486 agmina,

993 491 1064 525 Cito
1090 494 1286 526 subveniant

1038 544 1096 572 tua
1120 542 1310 582 precamina

991 588 1039 621 Te
1063 590 1295 623 venerantibus

1037 646 1097 678 per
1119 639 1322 679 jubilamina.

989 687 1268 732 Participantibus

1035 739 1130 772 nobis
1153 740 1314 772 amamine

986 786 1113 819 Devote
1138 789 1277 829 petimus

1036 845 1096 876 pro
1122 839 1177 869 tuo
1203 837 1342 878 nomine,

987 883 1051 917 Suo
1077 885 1250 917 subvenias

1034 932 1069 964 in
1095 933 1303 966 tribulamine

986 980 1082 1013 Nunc
1109 985 1142 1014 et
1166 982 1200 1013 in
1225 982 1337 1014 ultimo

1031 1030 1145 1062 mortis
1172 1030 1368 1062 discrimine.

986 1083 1055 1125 Quo
1081 1087 1175 1119 nobis
1201 1088 1329 1119 miseris

1031 1143 1158 1176 quoque
1184 1136 1357 1168 subvenias

982 1182 1028 1215 Et
1052 1192 1183 1216 manum
1208 1184 1333 1225 gratiae

1032 1231 1207 1264 clementer
1232 1233 1392 1274 porrigas,

981 1280 1117 1312 Pressos
1144 1279 1320 1313 formidine

1028 1328 1062 1360 in
1088 1337 1179 1370 spem
1206 1333 1283 1361 tunc
1309 1329 1424 1374 erigas,

978 1376 1025 1409 Et
1048 1374 1182 1411 fraudes
1210 1378 1403 1411 daemonum

1027 1427 1179 1465 potenter
1204 1426 1326 1468 abigas.

978 1479 1106 1526 Risum,
1134 1493 1152 1516 o
1178 1483 1328 1525 Domina,

1027 1535 1161 1572 praesta
1185 1532 1397 1573 gementibus.

976 1581 1099 1613 Panem
1122 1580 1302 1613 salvificum

1027 1628 1255 1670 esurientibus,

976 1677 1121 1718 Tuisque
1146 1678 1300 1719 precibus

1026 1735 1180 1759 succurre
1207 1727 1301 1759 citius

975 1775 1015 1807 In
1040 1776 1225 1817 purgatorii

1022 1824 1137 1864 poenis
1166 1823 1368 1865 degentibus

975 1877 1106 1916 Solutos
1131 1883 1280 1923 vinculis,

1023 1939 1041 1962 ο
1068 1935 1172 1963 mater
1197 1934 1320 1975 tenera,

972 1979 1018 2012 Et
1042 1980 1129 2012 omni
1154 1980 1283 2021 penitus

1021 2027 1170 2062 abstersa
1194 2030 1322 2062 macula

972 2077 1011 2109 In
1042 2077 1124 2110 coeli
1148 2078 1238 2110 ocius

1024 2126 1087 2158 duc
1112 2127 1334 2169 tabernacula,

970 2173 1037 2208 Ubi
1063 2178 1096 2206 te
1118 2176 1242 2218 ,iugiter

1017 2223 1155 2257 laudent
1177 2233 1239 2265 per
1263 2225 1405 2260 saecula.

969 2279 1047 2317 Tibi
1074 2283 1303 2316 committimus

1017 2332 1077 2364 hos
1103 2333 1324 2376 singulariter,

966 2381 1088 2422 Quibus
1116 2382 1317 2415 conviximus

1017 2429 1234 2473 familiariter,

1308 2488 1349 2518 9*
