1656 2674
162 151 217 184 11.

161 498 217 531 12.

160 845 217 879 13.

161 1193 218 1226 1—1.

157 1879 213 1912 16.

160 2221 217 2255 17.

701 69 743 73 -
796 46 843 82 64
893 66 937 71 ,..

244 146 337 183 Auro
362 158 496 191 regnum
524 148 711 188 designatur

294 197 424 240 Christi,
453 196 537 237 regis
564 195 714 235 omnium,

245 246 343 286 Thus,
371 246 456 286 quod
483 243 552 276 Deo
577 243 773 286 immolatur,

294 294 407 335 Signat
433 292 659 334 sacerdotium,

243 342 392 383 Myrrha,
420 350 491 374 cum
517 350 580 381 qua
603 340 784 380 condiatur,

295 391 405 424 Crucis
432 392 506 430 post
532 389 728 430 supplicium

340 440 470 471 Summa
496 437 674 478 diligentia.

245 493 357 530 Custos
384 501 458 528 tuus
483 495 664 535 virginalis,

291 544 414 585 <Ioseph
439 549 517 576 tunc
541 543 723 583 instruitur,

244 593 336 633 Quod
363 592 506 626 Herodis
532 590 622 623 fraus
648 590 760 624 feralis

295 641 416 675 Contra
437 641 548 674 Jesum
573 641 699 680 nititur,

245 690 299 723 sic
323 698 412 721 mens
439 692 495 722 tua
519 689 708 721 maternalis

291 738 431 770 Terrore
458 737 640 770 concutitur

341 786 506 827 Gravique
531 786 690 827 angustia.

244 841 339 884 Inde,
365 844 468 886 virgo,
495 846 527 875 te
553 844 698 884 disponis

291 893 359 925 Iter
385 893 427 925 acl
452 892 661 933 incognitum,

244 941 389 973 Visitare
416 941 595 974 Pharaonis

291 989 451 1029 Populum
476 989 679 1029 indomitum,

243 1037 287 1070 bt
314 1046 461 1070 servares
488 1046 507 1069 a
530 1038 707 1077 praedonis

290 1085 379 1118 Ense
403 1086 602 1127 unigenitum

339 1135 448 1175 Atque
473 1133 707 1168 fraudulentia.

244 1189 289 1225 At
316 1191 587 1232 peregrinationis

293 1240 384 1272 Tunc
408 1242 541 1280 peracto
567 1243 713 1280 tempore

242 1288 341 1320 Venit
366 1288 595 1321 consolationis

291 1336 434 1368 Nuntius
460 1337 500 1369 ab
527 1336 669 1374 aethere,

244 1384 372 1417 Vocans
397 1394 455 1417 vos
481 1384 523 1417 ad
550 1386 690 1426 regionis

293 1433 432 1466 Vestrae
456 1433 559 1466 solum
584 1442 724 1474 propere

342 1481 403 1513 Vel
429 1490 500 1514 cum
526 1480 722 1514 festinantia.

208 1561 215 1570 .
243 1531 348 1568 Porro
376 1543 446 1567 cum
472 1536 750 1576 appropinquaret

291 1582 414 1624 Joseph
439 1584 556 1616 vestris
580 1582 708 1627 finibus,

243 1631 391 1664 Audiens
416 1631 502 1672 quod
526 1632 579 1664 his
602 1636 755 1673 regnaret

291 1680 473 1713 Archelaus
499 1680 659 1721 partibus,

244 1729 354 1769 Atque
378 1729 457 1761 illuc
482 1730 665 1769 trepidaret

293 1778 356 1811 Ire,
385 1778 473 1810 venit
498 1778 630 1810 nuntius

337 1826 459 1859 Missus
486 1826 569 1858 coeli
595 1827 693 1860 curia.

241 1875 363 1912 Locum
387 1879 438 1911 illi
465 1880 657 1921 designavit,

291 1927 458 1960 Nazareth
483 1925 677 1970 florigeram,

242 1975 410 2016 Virginem
436 1986 499 2017 qua
524 1976 729 2010 obumbravit

290 2024 404 2057 Virtus
429 2024 492 2057 Dei
518 2028 673 2069 teneram,

242 2072 351 2113 Teque
377 2076 507 2106 sanctus
529 2073 768 2115 impraegnavit

289 2119 430 2161 Spiritus
455 2130 651 2163 puerperam

340 2169 405 2203 Sua
431 2170 630 2205 assistentia.

245 2218 348 2265 Euge,
374 2226 488 2265 mater,
515 2221 575 2256 fios
602 2226 761 2268 candoris,

289 2270 455 2312 Fragrans
468 2272 543 2314 plus
557 2282 651 2314 quam
665 2274 778 2320 lilium,

241 2318 400 2358 Quantum
427 2321 487 2354 tibi
515 2322 562 2354 vis
589 2323 708 2355 amoris

289 2367 400 2401 Dabat
424 2369 641 2411 refrigerium,

858 309 914 343 18.

859 667 914 701 19.

858 1027 914 1059 20.

859 1383 915 1416 21.

858 1733 915 1766 22.

856 2083 913 2117 23.

940 144 1020 176 Nati
1047 141 1180 175 delicati
1206 141 1273 174 oris

990 192 1039 224 Tu
1065 190 1215 222 sumebas
1242 190 1380 225 basium,

1038 239 1159 281 Mater,
1186 248 1262 271 nam
1288 237 1422 271 fiducia.

943 306 1038 348 Nam,
1064 310 1100 339 ut
1126 315 1211 350 reor,
1239 306 1409 339 habitante

990 357 1111 389 Tecum
1138 358 1193 388 tuo
1219 354 1297 393 filio,

943 406 1003 438 Est
1030 407 1140 438 amota
1160 405 1249 437 velut
1275 402 1375 436 fiante

992 455 1095 487 Vento
1122 453 1302 496 tribulatio,

943 502 1046 542 Quam
1071 500 1202 534 ferebas
1227 503 1426 542 procurante

991 551 1082 591 Rege
1107 551 1140 582 in
1167 551 1281 583 exsilio

1040 599 1164 640 Magna
1189 597 1359 639 patientia.

941 665 1031 701 Anni
1058 675 1135 700 vero
1163 667 1306 700 duodeni

990 716 1063 749 Jam
1091 715 1228 748 decurso
1255 719 1413 756 tempore,

940 764 1035 798 «Iesus
1060 768 1167 796 tecum
1195 765 1292 797 ductu
1317 763 1384 797 leni

990 813 1153 855 Dignatur
1179 814 1357 846 ascendere

943 861 1125 902 Templum,
1145 871 1207 902 quo
1222 862 1387 902 scriptura
1399 861 1491 902 pleni

992 909 1149 943 Solebant
1175 918 1339 950 exponere

1038 957 1163 1001 Moysis
1180 959 1310 1000 legalia.

942 1024 1055 1063 Dolor,
1085 1027 1161 1059 (lum
1187 1027 1397 1068 repatriares,

991 1076 1039 1107 Te
1065 1076 1185 1114 pressit
1213 1084 1284 1108 cum
1309 1076 1446 1117 impetu,

942 1124 1054 1157 Jesum
1082 1123 1157 1155 (lum
1187 1125 1412 1156 considerares

990 1171 1115 1204 Deesse
1140 1172 1174 1204 in
1199 1173 1320 1213 reditu,

941 1219 987 1252 Et
1011 1220 1163 1252 amissum
1190 1222 1366 1261 repedares

991 1273 1117 1308 Quaere
1143 1277 1215 1301 cum
1241 1271 1362 1311 gemitu

1038 1316 1226 1358 Mentisque
1249 1318 1415 1352 instantia.

946 1379 970 1417 Ο
999 1391 1094 1425 quam
1121 1394 1237 1425 magno
1263 1385 1434 1427 solabar-is,

992 1433 1053 1465 Pia
1077 1436 1193 1470 mater,
1219 1435 1349 1477 gaudiO,

943 1480 1064 1513 Natum
1091 1490 1163 1513 cum
1189 1482 1369 1516 intuebaris

990 1530 1029 1561 1n
1056 1529 1225 1562 doctorum
1250 1532 1358 1565 medio

942 1577 1041 1617 Quasi
1065 1587 1163 1610 unum
1191 1588 1231 1611 ex
1253 1580 1377 1622 ignaris

992 1627 1157 1666 Quaerere
1183 1637 1253 1660 eum
1280 1629 1390 1662 studio

1041 1674 1232 1716 Scripturae
1256 1678 1423 1718 mysteria.

942 1729 1034 1775 Mihi,
1064 1733 1156 1776 dicis,
1185 1736 1263 1776 quid
1290 1735 1408 1778 fecisti,

989 1781 1057 1814 Fili
1081 1784 1304 1825 peramabilis,

942 1830 1049 1870 Quare
1073 1831 1120 1863 ita
1145 1832 1339 1867 subtraxisti

990 1879 1037 1911 Te
1063 1889 1083 1911 a
1107 1880 1172 1912 tuis
1196 1880 1339 1923 famulis,

943 1929 1043 1966 Quem
1069 1929 1266 1968 quaerebam
1285 1932 1385 1965 corde
1401 1933 1490 1966 tristi

990 1976 1148 2010 Domibus
1176 1982 1208 2011 et
1233 1980 1349 2013 viculis

1039 2024 1128 2058 Loca
1151 2036 1214 2068 per
1240 2029 1405 2064 distantia.

940 2078 1005 2116 Ille
1029 2084 1122 2117 vultu
1143 2086 1277 2126 pietatis

989 2132 1119 2165 Plectro
1142 2135 1232 2168 vocis
1257 2139 1391 2170 tenerae

939 2179 1067 2213 Motum
1092 2190 1172 2215 suae
1199 2184 1303 2218 duleis
1327 2187 1445 2221 matris

991 2229 1179 2264 Conabatur
1203 2231 1356 2275 flectere;

940 2276 1048 2313 Dixit:
1065 2279 1103 2311 In
1114 2280 1175 2320 his,
1191 2291 1275 2323 quae
1285 2286 1362 2317 sunt
1370 2286 1488 2327 patris,

988 2327 1094 2360 Decet
1119 2339 1170 2362 me
1196 2332 1374 2366 consistere

1037 2376 1090 2409 Ex
1116 2378 1314 2416 obedientia.
