1656 2674
201 204 257 238 14.

203 636 258 668 15.

203 1064 259 1097 16.

202 1493 258 1526 17.

202 1923 259 1955 18.

286 203 363 237 Tibi
386 205 571 249 profiteror,

335 253 434 286 decus
459 255 642 302 mirificum,

285 302 354 343 Quo
380 302 443 335 tibi
469 305 637 338 concinam

334 350 466 385 Laudes
493 356 527 385 et
550 355 722 398 canticum,

284 399 320 433 Si
346 400 390 432 sit
414 402 581 442 possibile,

332 449 426 490 quasi
451 451 643 492 angelicum,

288 497 369 531 Cum
396 498 512 532 duetus
538 498 630 532 fuero

334 546 369 579 in
395 555 531 588 regnum
558 548 724 582 coelicum.

286 634 375 667 Ecce
402 634 564 668 destituor

337 684 483 724 corporis
509 684 646 725 viribus,

285 731 423 765 Dandus
451 733 642 774 quantocius

336 781 371 813 in
397 789 504 814 escam
530 781 705 823 vermibus,

287 828 403 862 Solare
429 831 580 873 animam,

336 886 465 919 precor,
493 879 659 921 attentius,

286 926 431 968 Jungens
453 936 513 969 per
539 927 677 969 gratiam

338 975 500 1008 coelorum
528 975 662 1008 civibus

288 1063 367 1095 Tuis
394 1064 524 1096 auxiliis

335 1114 433 1152 atque
458 1111 625 1145 favoribus

289 1159 473 1193 Clementer
498 1163 652 1201 protegas

333 1217 387 1240 me
412 1218 432 1240 a
456 1208 637 1241 terroribus

286 1259 481 1291 Taetrorum
509 1257 701 1290 daemonum

337 1305 511 1347 Stygisque
536 1304 671 1342 foribus,

287 1356 358 1397 Qua
385 1355 507 1395 degunt
531 1354 643 1386 miseri

336 1403 447 1436 multis
476 1403 653 1437 doloribus

285 1491 381 1532 Fuga
404 1490 629 1531 peccaminum

336 1548 482 1572 meorum
507 1539 647 1571 scoriam

286 1590 379 1623 Tuae
406 1588 614 1621 dulcissimae

333 1636 449 1669 matris
475 1637 516 1670 ob
543 1633 690 1678 gloriam,

286 1686 386 1728 Cujus
413 1694 453 1718 ex
477 1685 600 1718 intimis

337 1743 436 1768 exoro
462 1734 611 1777 gratiam,

285 1784 408 1816 Tecum
432 1786 471 1815 ut
493 1792 621 1815 merear

337 1833 406 1873 eJ'us
432 1831 663 1872 praesentiam.

287 1921 313 1955 O
340 1920 503 1961 sapientia

334 1968 494 2011 firmaque
518 1970 651 2011 veritas,

287 2019 351 2052 Per
377 2027 474 2059 quam
502 2018 679 2059 depellitur

336 2066 503 2100 mundana
527 2065 668 2109 falsitas,

286 2116 433 2157 Repelle‚
463 2117 633 2158 deprecor,

334 2164 480 2206 fraudes,
507 2165 680 2208 versutias,

285 2214 408 2255 Quibus
432 2215 624 2248 subvertere

332 2273 385 2297 me
410 2263 520 2305 gliscit
545 2263 693 2298 Satanas,

755 110 1001 145 -43—

910 208 965 244 19.

909 638 966 671 20.

909 1064 964 1097 21.

909 1491 964 1523 22.

995 209 1080 242 Vere
1105 218 1139 241 es
1165 210 1333 251 Dominus,

1043 267 1137 299 quem
1160 260 1235 300 jure
1259 268 1406 305 veneror,

995 306 1092 347 Cujus
1118 316 1170 340 me
1194 307 1274 341 fidei

1041 354 1225 396 professum
1251 355 1367 398 fateor,

992 403 1091 437 Unde
1117 407 1149 436 et
1174 405 1329 438 Satanam

1040 451 1195 487 infestum
1217 454 1335 496 patior,

994 501 1094 541 Quem
1119 503 1155 534 ut
1180 502 1326 544 abjicias,

1044 551 1161 583 devote
1187 552 1354 592 deprecor.

993 637 1119 670 Lumen
1143 637 1325 670 laetificans

1043 685 1144 718 corda
1167 687 1347 719 moerentia

992 735 1044 767 Ac
1068 735 1159 774 turpi
1183 736 1341 767 scelerum

1041 782 1118 815 labe
1140 783 1317 824 sordentia,

993 831 1151 871 Measque
1171 832 1323 864 tenebras

1042 888 1160 920 precor
1183 880 1318 922 irradia,

991 928 1051 961 Uti
1076 928 1189 960 videre
1214 929 1276 960 sim

1045 976 1160 1018 dignus
1187 977 1349 1010 coelestia.

992 1063 1031 1095 In
1056 1065 1111 1095 tuo
1138 1064 1231 1096 radio

1041 1110 1156 1144 fideles
1183 1112 1358 1153 ambulent,

994 1160 1061 1193 Sub
1087 1161 1179 1200 pacis
1205 1161 1299 1193 titulo

1041 1208 1207 1249 principes
1230 1209 1404 1251 imperent,

993 1256 1087 1289 Beati
1113 1258 1221 1297 angeli

1042 1313 1170 1345 semper
1193 1306 1252 1338 lios
1278 1306 1435 1346 adjuvent

993 1353 1039 1386 Et
1065 1353 1292 1387 dissidentium

1042 1405 1167 1435 mentes
1193 1403 1374 1436 concilient.

994 1489 1260 1522 Periclitantibus

1040 1537 1154 1570 mundi
1177 1537 1347 1580 naufragio

997 1586 1153 1620 Coelestis
1177 1588 1303 1628 gratiae

1041 1636 1131 1668 adsis
1156 1636 1302 1678 remigio,

993 1684 1226 1717 Ecclesiastica

1041 1742 1181 1773 namque
1205 1734 1319 1775 religio

994 1782 1033 1815 In
1057 1781 1169 1814 multis
1194 1782 1316 1815 titubat

1043 1833 1140 1871 atque
1168 1831 1310 1864 dilectio.

959 1946 966 1953 .
993 1919 1075 1960 Rex,
1102 1918 1164 1951 tibi
1188 1919 1274 1951 salus
1301 1919 1354 1959 sit,

1041 1967 1155 2012 honor,
1184 1968 1332 2009 victoria,

996 2017 1092 2060 Laus,
1118 2017 1282 2062 jubilatio,

1041 2074 1167 2099 summa
1191 2066 1347 2107 potentia,

994 2115 1055 2155 Qui
1080 2123 1197 2155 regnas
1221 2115 1384 2156 perpetim

1045 2163 1132 2197 dulci
1159 2164 1343 2207 concordia,

995 2212 1075 2246 Cum
1099 2217 1212 2247 sancto
1236 2213 1355 2254 spiritu

1042 2262 1077 2294 in
1102 2262 1207 2302 patris
1233 2262 1346 2305 gloria.

276 2363 359 2390 Orat.
386 2370 441 2389 ins.
470 2361 500 2390 S.
528 2361 611 2389 Petri
638 2360 860 2398 Salisburgens.
892 2360 918 2387 b.
945 2359 1014 2388 VII.
1045 2356 1090 2387 10.
1119 2366 1195 2388 saec.
1219 2357 1255 2388 15
1275 2359 1325 2388 fol.
1348 2358 1386 2387 28
1407 2369 1433 2388 a.
1456 2361 1490 2389 A.
1514 2375 1552 2379 ——

197 2405 280 2430 (nat.
302 2410 358 2430 ins.
372 2401 575 2438 Tegrinsense
595 2401 668 2428 anni
686 2398 769 2429 1470.
793 2399 866 2428 Clm.
881 2399 1054 2427 Monacens.
1072 2395 1109 2427 20
1118 2396 1173 2427 021
1197 2400 1229 2428 B.
1251 2415 1289 2419 —
1312 2400 1433 2434 „fn-atio
1450 2401 1553 2437 poeni-

196 2438 327 2470 nuntias-fl
351 2443 406 2468 etc.
427 2441 462 2469 A.
483 2456 523 2461 —-
544 2438 591 2475 20,
610 2437 628 2469 3
645 2439 720 2468 fehlt
740 2440 775 2468 A.
