1656 2674
700 31 966 67 -192—

160 308 218 341 42.
245 305 307 346 Qui
329 313 390 345 pro
414 303 512 344 plebe
539 303 677 336 dulciter

290 351 540 392 interveniebat,

243 402 332 442 Quae
355 401 461 441 ipsum
489 399 665 432 crudeliter

291 447 519 488 interficiebat,

242 498 324 538 Ejus
349 505 436 529 mors
460 505 535 529 nam
562 495 704 535 pleniter

293 542 518 577 satisfaciebat

248 593 340 627 Patri
364 595 396 625 et
422 592 634 625 communiter

295 650 405 674 omnes
431 640 623 674 redimebat.

159 730 216 763 43.
244 727 305 769 Qui
329 728 449 761 latroni
471 727 606 768 propius

288 776 382 817 juxta
406 784 442 808 se
464 776 632 817 pendenti,

245 825 395 866 Quamvis
421 833 498 856 vere
522 824 648 856 tardius

293 877 401 905 tamen
425 871 615 913 poenitenti,

245 921 438 954 Paradisum
461 921 610 962 protinus

291 968 442 1011 promisit
467 968 602 1009 petenti,

248 1018 349 1058 Quem
376 1017 469 1050 dedit
492 1017 628 1049 celerius

293 1074 389 1098 carne
416 1065 597 1098 decedenti.

159 1154 216 1187 44.
245 1153 307 1192 Qui
333 1161 402 1185 cum
428 1152 462 1184 in
487 1151 633 1191 patibulo

293 1202 393 1233 morti
415 1200 615 1240 properavit,

244 1249 292 1281 Te
315 1251 452 1281 matrem
479 1248 638 1289 discipulo

292 1306 350 1329 suo
376 1297 624 1339 commendavit,

240 1344 287 1377 Et
311 1345 429 1377 amoris
455 1344 582 1377 vinculo

293 1393 350 1426 illo
376 1402 433 1426 vos
459 1393 585 1434 ligavit,

244 1442 311 1482 Quo
338 1444 369 1473 et
396 1442 494 1474 corde
518 1441 631 1475 sedulo

293 1491 447 1530 utrosque
473 1490 603 1523 amavit.

161 1577 218 1611 45.
245 1577 306 1617 Qui
330 1576 363 1608 in
385 1577 489 1609 crucis
517 1574 639 1620 „Sitio“

294 1634 366 1657 cum
392 1625 563 1658 clamasset
589 1634 656 1667 ara,

246 1671 293 1705 Et
316 1676 469 1713 porrecta
493 1674 581 1713 potio

296 1721 412 1754 fuisset,
436 1731 558 1763 amara,

243 1770 366 1812 Magna
389 1773 423 1802 te
447 1770 588 1803 turbatio

295 1819 427 1860 pressit,
455 1828 473 1852 o
497 1819 680 1859 praeclara,

243 1867 377 1908 Quando
404 1869 460 1900 tua
484 1868 565 1900 visio

291 1916 373 1948 haec
401 1915 552 1949 cernebat
578 1916 676 1949 clara.

162 2003 219 2036 46.
246 2003 307 2043 Qui
333 2003 476 2035 clamans
503 2004 651 2044 angustia

293 2052 463 2093 animoque
488 2052 593 2083 tristi:

244 2099 330 2138 Heli,
356 2101 391 2132 in
416 2100 547 2133 miseria

297 2157 355 2180 cur
377 2157 429 2181 me
454 2148 638 2189 reliquisti?

859 960 917 993 48.

861 1384 917 1419 49.

865 1811 921 1844 50,

945 301 985 333 In
1012 300 1102 341 quali
1129 298 1275 339 tristitia,

991 351 1108 389 mater,
1134 351 1214 380 tunc
1237 345 1340 389 fuisti,

944 398 1079 438 Quando
1104 396 1167 428 sibi
1191 395 1311 436 propia

993 448 1083 478 stans
1106 445 1189 477 haec
1213 443 1378 477 audivisti.

909 559 916 566 .
945 532 1005 573 Qui
1027 532 1181 565 claudens
1206 530 1351 564 finaliter

992 580 1088 621 hujus
1113 580 1227 613 mundi
1252 582 1383 620 statum,

944 629 1037 663 Patri
1062 627 1209 662 filialiter

993 677 1233 710 commendavit
1256 675 1381 717 flatum,

943 726 1075 768 Dicens,
1102 724 1307 766 integraliter

991 775 1106 807 relaxa
1129 778 1311 816 peecatum,

946 823 1088 855 Verbum
1113 825 1205 854 tuum
1229 822 1372 863 pleniter

988 881 1064 903 nam
1091 874 1141 902 est
1167 873 1431 903 consummatum.

944 958 1004 999 Qui
1029 958 1176 999 pendens
1200 958 1236 990 in
1262 957 1375 999 stipite

991 1005 1120 1039 fervide
1144 1006 1297 1047 ploravit,

942 1056 1007 1088 Pro
1033 1057 1138 1088 matre
1162 1055 1339 1095 superstite

991 1112 1027 1135 se
1051 1105 1158 1145 ipsum
1184 1103 1340 1146 turbavit,

946 1151 1108 1185 Inclinato
1136 1151 1243 1191 capite

992 1200 1086 1233 Patri
1114 1200 1353 1233 commendavit.

945 1248 1113 1289 Spiritum,
1142 1257 1237 1290 quem
1262 1248 1395 1282 subdite

996 1297 1140 1330 clamans
1166 1296 1342 1331 exhalavit.

945 1384 1045 1425 Cujus
1068 1393 1157 1417 mors
1182 1382 1338 1418 vivificat,

997 1433 1130 1474 excitat,
1156 1433 1306 1472 honorat,

945 1481 1065 1514 Pacem
1092 1481 1149 1513 dat
1174 1484 1206 1512 et
1231 1483 1374 1521 reparat,

995 1531 1101 1562 armat
1124 1532 1156 1561 et
1182 1529 1341 1569 dulcorat,

946 1577 1055 1620 Ducit,
1083 1581 1187 1618 sanat,
1214 1578 1345 1619 spoliat,

996 1629 1092 1659 ornat
1117 1629 1150 1658 et
1175 1626 1357 1666 obumbrat,

945 1674 1013 1707 Nos
1039 1684 1060 1707 a
1085 1675 1182 1716 culpa
1206 1678 1349 1717 revocat,

996 1726 1132 1763 reserat,
1159 1722 1352 1758 inflammat.

950 1810 1050 1852 Cujus
1074 1819 1163 1843 mors
1190 1811 1233 1844 ad
1251 1812 1405 1853 gaudium

997 1859 1147 1892 sublevet
1170 1861 1350 1900 gaudentes

945 1907 993 1940 Et
1015 1907 1164 1948 perfecte
1188 1909 1303 1941 vitium

997 1965 1091 1989 omne
1117 1957 1315 1999 deserentes,

947 2004 1084 2038 Relevet
1111 2006 1259 2039 exsilium

995 2054 1109 2088 mundi
1133 2055 1308 2098 patientes,

947 2102 992 2135 Et
1016 2102 1101 2137 illud
1125 2104 1287 2136 rosarium

997 2151 1115 2184 devote
1140 2156 1303 2185 canentes

240 2232 322 2261 Orat.
343 2243 397 2262 ms.
417 2235 603 2272 Tegurinum
629 2244 706 2263 saec.
727 2234 772 2264 15.
803 2236 878 2264 Chn.
899 2237 1019 2266 Monac.
1042 2235 1078 2264 19
1086 2234 1145 2265 824
1171 2237 1222 2265 fol.
1244 2234 1302 2264 252
1323 2246 1350 2265 a.
1378 2252 1414 2256 —
1442 2235 1469 2272 2,
1491 2237 1508 2265 7

161 2272 236 2300 fehlt
255 2272 308 2301 das
329 2272 476 2307 Verbum3
504 2274 659 2302 vielleicht
683 2275 725 2302 ist
750 2277 869 2303 nostras
898 2278 949 2304 ein
970 2275 1192 2304 Schreibfehler
1210 2276 1259 2305 fiir
1280 2278 1373 2310 eruit,
1402 2285 1510 2305 emens

162 2311 234 2340 oder
254 2311 312 2348 dgl.
333 2327 373 2332 —
394 2310 438 2347 13,
462 2313 480 2341 7
501 2314 639 2341 intronea
661 2324 701 2335 =
720 2314 810 2341 inter*
843 2326 855 2330 -·
