1656 2674
760 65 809 72 ν-
858 42 933 81 110·
981 64 1026 69 -

252 147 284 180 8,
313 142 398 179 Hinc
422 153 548 184 rancor,
576 143 695 183 odium,

355 194 486 234 linguae
511 191 653 231 fallacia,

306 242 439 274 Ventris
464 240 622 280 ingluvies

356 298 413 321 seu
440 287 673 328 castrimargia,

305 337 351 371 Et
373 340 485 377 torpor
511 336 611 368 animi

354 385 422 417 sive
446 384 570 425 acedia,

304 432 361 466 Me
385 435 536 472 premant
561 431 706 473 graviter

354 481 416 513 sed
441 485 474 513 et
496 481 633 515 invidia.

245 559 278 592 9.
304 554 546 593 Incontinentia

354 614 498 638 meorum
525 614 676 638 sensuum

304 654 362 688 Me
386 663 477 686 reum
503 652 627 686 faciunt

353 712 542 744 magnorum
572 702 760 745 crimi11um3

303 751 368 784 Per
394 752 504 792 culpas
531 752 650 784 etenim

357 799 480 832 excessi
506 802 660 832 tactuum.

291 847 438 881 Olfactus
464 848 625 889 visusque,

351 905 402 936 gut
412 899 462 928 tus
490 898 521 927 et
547 897 681 928 aurium.

223 973 278 1005 1tf.
306 969 611 1007 Kacodaemonibus

354 1021 501 1053 consensi
526 1022 667 1062 turpiter

300 1069 342 1101 In:
354 1069 536 1102 idiantibus

349 1117 430 1149 inihi
456 1118 631 1152 fallaciter,

302 1164 345 1197 Ni
369 1165 403 1198 in
428 1169 462 1198 te
486 1167 609 1208 remige

350 1223 369 1246 a
393 1216 487 1247 malis
514 1224 658 1256 revocer,

298 1261 356 1294 Me
381 1261 508 1296 foetens
533 1265 687 1297 Acheron

350 1315 424 1343 uret
447 1313 647 1353 perenniter.

218 1388 276 1421 11.
302 1385 388 1422 Luce
415 1399 466 1422 me
491 1391 616 1431 gratiae

349 1440 425 1470 tuae
449 1439 585 1482 irradia,

300 1487 476 1520 Praedicta
501 1489 631 1527 penitus

348 1539 499 1575 potenter
525 1538 625 1574 ascia,

300 1583 446 1617 Virtutes
472 1585 591 1629 insere,

350 1632 443 1665 aufer
468 1634 644 1675 tristantia,

299 1680 362 1714 Tui
388 1682 554 1715 solaminis

349 1735 522 1770 praestans
548 1732 675 1765 solatia.

220 1802 277 1835 12.
304 1799 410 1837 Maria
435 1805 596 1846 siquidem

344 1861 411 1884 non
436 1854 538 1894 gratis
565 1854 697 1895 diocriS,

297 1901 419 1933 Praces
445 1911 521 1934 nam
548 1902 680 1935 (lomina

348 1950 466 1982 creatis
493 1951 621 1992 ceteris,

299 1996 484 2038 Splendens
509 2001 542 2030 et
566 1998 696 2041 fulgida

345 2046 441 2078 stella
465 2048 500 2079 in
525 2048 653 2088 superis

298 2093 344 2125 Et
371 2093 492 2127 Christi
520 2097 627 2129 crucio

347 2151 459 2175 amara
484 2145 640 2177 crederis.

217 2211 274 2244 13.
301 2209 385 2246 Nam
409 2217 499 2248 tuam
524 2216 665 2249 animam

348 2270 458 2295 mucro
483 2266 562 2295 tunc
587 2265 708 2297 acriter

295 2307 418 2352 Laesst,
444 2315 483 2343 ut
507 2311 637 2345 Simeon

348 2357 430 2389 dixit
455 2360 627 2399 veraciter,

1170 102 1184 118 θ

1009 140 1145 181 Quando
1173 148 1246 174 cum
1271 139 1389 171 hostiis

1056 191 1169 222 natum
1195 187 1363 221 humiliter

1009 236 1153 271 Ferebas
1179 236 1320 270 Domino

1056 294 1117 318 nec
1142 294 1207 317 non
1232 284 1394 326 legaliter.

923 364 977 397 14.
1006 360 1031 397 Ο
1058 372 1146 396 mors
1172 362 1352 396 dulcissimi

1055 412 1077 446 J
1079 419 1145 452 esu,
1174 420 1271 452 quam
1296 411 1444 454 graviter

1005 460 1141 493 Beatam
1172 459 1332 500 virginem

1055 508 1160 541 laedis
1185 518 1225 541 ac
1252 508 1389 548 duriter,

1004 559 1146 590 Astante
1171 556 1240 590 filio

1053 605 1321 647 lamentabiliter,

1007 655 1120 689 Crucis
1146 655 1295 695 patibulo

1054 712 1157 745 penso
1185 704 1373 737 crudeliter.

921 782 979 816 15.
1006 779 1107 816 Plebs
1133 790 1151 813 o
1178 781 1336 823 fidelium,

1057 830 1156 862 eorde
1183 833 1369 870 compatere

1005 879 1130 911 Beatae
1155 878 1276 920 virgini

1053 927 1216 968 matrique
1241 930 1382 966 tenerae,

1008 975 1173 1008 Gravatae
1198 976 1320 1017 gemitu

1055 1033 1094 1057 ac
1119 1026 1237 1057 mentis
1263 1025 1407 1066 vulnere,

1006 1073 1108 1113 Quam
1135 1074 1242 1105 cernis
1268 1074 1375 1107 animo

1055 1122 1149 1163 quasi
1176 1120 1327 1155 deficere.

918 1199 975 1233 16.
1004 1197 1085 1239 Quis
1112 1200 1180 1240 ejus
1207 1200 1305 1233 animi

1051 1252 1167 1281 narret,
1190 1249 1367 1289 angustias,

1004 1297 1081 1336 Quis
1108 1297 1237 1330 scribae
1261 1298 1405 1331 calamus

1053 1345 1177 1378 scribat
1208 1346 1370 1390 tristitias,

1001 1395 1125 1435 Quibus
1152 1394 1296 1427 afficitur

1053 1452 1187 1476 cernens
1214 1444 1388 1485 molestias,

1004 1492 1089 1532 Quas
1115 1495 1211 1525 natus
1238 1493 1363 1532 patitur

1050 1544 1148 1581 atque
1171 1541 1320 1582 injurias.

917 1614 972 1648 17.
1000 1609 1092 1647 Reor
1118 1616 1347 1654 verumtamen,

1053 1662 1101 1695 nil
1127 1671 1196 1695 eam
1222 1666 1344 1695 temere

989 1711 1056 1744 Per
1080 1710 1288 1744 insolentiam

1053 1759 1119 1794 fari
1137 1763 1194 1792 aut
1219 1769 1326 1802 agere,

1003 1808 1069 1842 Sed
1097 1818 1168 1841 cum
1193 1809 1353 1842 modestia

1051 1867 1160 1890 mores
1187 1867 1380 1898 componere

1001 1906 1046 1938 Et
1072 1906 1121 1939 sic
1144 1908 1294 1940 miserias

1052 1964 1127 1990 suas
1153 1956 1349 1998 exprimere.

919 2029 973 2062 18.
1004 2024 1072 2062 Sed
1097 2032 1172 2069 post
1198 2030 1422 2064 sanctissimae

1053 2078 1161 2110 carnis
1187 2077 1341 2113 funebria

1001 2126 1137 2158 Transit
1162 2127 1316 2160 avunculi

1051 2174 1102 2207 sui
1127 2174 1162 2207 in
1187 2176 1335 2220 propria,

1002 2222 1214 2257 Praestolans
1239 2223 1301 2257 filii

1050 2272 1268 2306 consolatoria

999 2317 1129 2353 Fiencla
1153 2323 1304 2361 protinus

1048 2368 1083 2399 in
1111 2368 1164 2400 die
1188 2371 1300 2406 tertia.
