1656 2674
115 162 173 196 23.

113 470 174 502 24.

115 777 174 810 25.

115 1086 174 1119 26.

121 1518 179 1552 31.

116 1828 175 1861 32.

114 2139 174 2173 33.

654 80 700 84 —
754 59 823 95 158
871 79 921 84 —-

200 161 292 198 Vale,
318 162 421 200 virgo,
449 167 531 199 quae
556 158 604 189 sic
628 166 725 191 ornas

248 208 386 242 Davidis
412 207 610 248 progeniem,

200 257 292 290 Sicut
316 264 390 289 rosa
415 256 501 287 inter
524 254 634 295 spinas

250 305 321 339 Illis
345 303 440 336 addit
464 302 616 343 speciem,

202 353 254 385 Ne
277 353 310 384 in
337 351 430 384 nobis
458 351 573 391 culpae
597 350 684 381 sinas

250 399 405 433 Crescere
431 406 624 439 congeriem.

199 467 292 506 Vale,
318 467 422 506 virgo,
447 466 592 507 gratiosa

252 514 383 547 Cunctis
409 518 443 546 te
467 512 686 551 laudantibus

199 563 310 603 Adsis,
336 565 441 595 mater
465 562 625 602 speciosa,

249 611 304 644 Ad
329 614 362 643 te
388 609 637 651 suspirantibus,

200 660 281 692 Tela
305 658 457 700 frangens
483 666 646 691 venenosa

248 708 455 741 Transmissa
480 707 520 739 ab
546 706 706 740 hostibus.

198 775 290 814 Vale,
316 784 442 817 gemma
464 775 651 815 praepolita

248 823 389 856 Deitatis
414 824 564 864 unguine,

202 872 267 904 Per
293 881 388 912 quam
411 871 532 904 mundo
556 868 653 902 fluxit
677 870 747 903 vita

249 920 382 953 Perdito
406 928 467 961 pro
495 919 637 956 crimine,

201 968 310 1001 Servis
334 968 400 1001 tuis
426 967 514 1001 adsis
542 967 606 1000 cita

248 1016 366 1050 Mortis
389 1017 422 1049 in
450 1016 645 1049 discrimine.

203 1084 294 1123 Vale,
321 1083 466 1116 moribus
492 1083 671 1126 praeclara,

248 1131 358 1165 Mater
384 1132 600 1170 castimoniae,

201 1181 252 1213 Tu
277 1180 456 1213 divinitatis
483 1188 558 1212 cara

249 1228 418 1261 Balsamus
445 1227 652 1269 fragrantiae,

202 1277 240 1309 ]n
266 1277 415 1317 supernis
441 1277 544 1308 servis
569 1285 652 1316 para

251 1324 329 1357 Tuis
356 1326 462 1357 locum
487 1325 620 1366 gloriae.

206 1517 341 1556 Plaude,
370 1520 460 1557 cujus
486 1520 533 1549 est
561 1517 696 1550 effusum

251 1564 379 1598 Nomen
405 1574 514 1598 coram
535 1566 694 1607 gentibue,

203 1613 474 1654 Medicamenque
499 1618 667 1646 contusum

251 1660 357 1694 Nobis
383 1660 635 1702 infirmantibus,

204 1709 385 1742 Gradiendi
409 1713 581 1750 praestans
604 1720 699 1743 usum

250 1757 366 1791 Mente
393 1759 663 1794 claudicantibus.

200 1826 336 1866 Plaude,
365 1827 501 1859 madens
528 1826 693 1860 Gedeonis

254 1876 322 1908 Ros
348 1876 476 1916 signum
501 1876 669 1917 victoriae,

202 1924 334 1957 Pondus
362 1924 573 1957 desolationis

249 1971 357 2006 Aufer
383 1976 414 2004 et
440 1973 600 2014 miseriae,

200 2022 268 2063 Quo
293 2025 487 2062 premuntur
513 2023 545 2055 vi
569 2023 747 2064 praedonis

249 2071 327 2104 Filii
352 2071 520 2103 ecclesiae.

200 2138 337 2178 Plaude,
363 2139 478 2171 mundi
502 2136 727 2179 naufragantis

250 2187 369 2219 Portus
394 2187 611 2225 securissime,

200 2235 255 2267 Ad
279 2243 375 2275 quem
400 2237 474 2268 vela
497 2233 683 2267 fluctuantis

247 2283 490 2322 Expanduntur
514 2284 650 2320 animae,

197 2330 325 2362 Inimici
350 2331 573 2371 perturbantis

248 2378 316 2410 Nos
343 2379 464 2411 virtute
489 2379 639 2418 reprime.

761 1441 818 1475 IV.

816 158 873 190 27.
902 155 992 193 Vale,
1020 156 1136 193 mater,
1164 152 1256 193 virgo
1283 154 1387 190 casta,

947 202 1099 234 Rutilans
1123 201 1158 233 in
1183 199 1298 240 gloria.

901 250 996 283 Omni
1023 258 1094 282 cum
1120 248 1244 282 virtute
1268 249 1366 287 pasta

948 298 1019 329 Abs
1044 296 1172 337 peccati
1197 296 1314 334 scoria,

902 345 1034 379 Cunctis
1060 345 1225 378 tribulatis
1250 348 1323 377 asta

951 394 1023 426 Tua
1048 403 1108 434 pro
1136 393 1318 427 clementia.

866 488 875 496 .
903 461 994 500 Vale,
1022 461 1183 503 virginum
1211 462 1330 494 decora

953 509 1136 551 Splendore
1159 509 1348 547 munditiae,

901 559 1052 592 Rutilans
1076 560 1166 592 velut
1192 567 1311 591 aurora

952 607 1121 648 Exemplis
1144 607 1303 648 justitiae,

906 655 1014 689 Corda
1038 665 1206 689 servorum
1227 657 1335 689 irrora

952 703 1059 737 Fonte
1084 705 1273 747 sapientiae.

872 796 879 803 .
906 772 999 812 Vale,
1026 772 1124 804 stella
1146 773 1317 810 matutina,

950 819 1129 862 Refulgens
1155 830 1236 860 prae
1262 819 1420 859 omnibus,

900 868 1010 901 Radix
1035 868 1155 906 David,
1182 869 1285 909 stirps
1313 868 1434 906 divina,

949 916 1107 950 Fructum
1135 917 1215 950 dans
1238 915 1459 954 credentibus,

901 965 963 1001 Da,
991 975 1033 998 ne
1057 969 1173 998 noceat
1198 965 1334 1005 vulpina

950 1013 1055 1047 Fraus
1078 1018 1111 1046 te
1138 1013 1377 1047 venerantibus.

870 1107 876 1115 .
903 1081 996 1120 Vale,
1023 1082 1100 1114 vitis
1126 1081 1267 1121 copiosa,

952 1130 1036 1163 Vina
1063 1130 1144 1162 dans
1170 1130 1324 1172 laetitiae,

900 1179 1001 1219 Virgo
1030 1179 1133 1212 dulcis
1161 1182 1193 1209 et
1218 1178 1368 1214 formosa,

950 1226 1073 1259 Norma
1097 1226 1284 1267 pudicitiae,

904 1275 1011 1308 Corda
1037 1279 1150 1308 nostra
1172 1274 1347 1307 tenebrosa

950 1323 1071 1356 Lustra
1097 1324 1182 1356 dono
1208 1324 1344 1364 gratiae.

871 1545 876 1551 .
905 1517 1040 1556 Plaude,
1068 1518 1160 1558 virgo
1187 1517 1330 1559 gloriosa

952 1565 1077 1608 Magna
1102 1574 1175 1598 cum
1198 1566 1335 1605 laetitia,

906 1615 1010 1655 Quam
1032 1616 1178 1655 jucunda
1200 1614 1308 1647 laudis
1334 1624 1434 1656 prosa

954 1662 1086 1695 Salutat
1106 1662 1255 1702 ecclesia,

902 1712 1005 1745 Luxit
1028 1720 1105 1744 nam
1131 1711 1307 1744 victoriosa

954 1760 1034 1793 Nati
1062 1760 1131 1793 dies
1157 1761 1265 1793 tertia.

871 1855 879 1863 .
906 1829 1041 1868 Plaude,
1069 1832 1173 1861 mater
1198 1829 1398 1869 resurgentis

956 1876 1022 1910 Sua
1048 1887 1088 1910 ex
1113 1878 1270 1918 potentia,

906 1926 1005 1967 Cujus
1032 1929 1136 1958 morte
1163 1929 1212 1957 est
1236 1926 1398 1966 serpentis

953 1974 1078 2007 Delusa
1104 1974 1256 2011 versutia,

904 2023 954 2055 Tu
979 2022 1129 2055 fermenti
1158 2022 1395 2062 corrumpentis

953 2070 1055 2104 Prece
1081 2069 1158 2112 fuga
1183 2071 1289 2102 noxia.

868 2164 875 2172 .
902 2138 1038 2176 Plaude,
1065 2141 1170 2169 mater
1195 2136 1400 2168 ascendentis

952 2184 1065 2218 Coelos
1092 2193 1132 2216 ex
1158 2184 1190 2214 vi
1214 2184 1359 2223 propria,

901 2232 1016 2264 Secum
1042 2240 1168 2273 quoque
1193 2231 1361 2264 educentis

937 2278 1126 2311 Electorum
1150 2279 1287 2318 agmina,

897 2326 967 2359 Fac
992 2336 1050 2359 nos
1076 2327 1218 2366 paschae
1234 2331 1457 2367 permanentis

948 2374 1103 2408 Obtinere
1127 2375 1256 2416 gaudia.
