1656 2674
223 195 280 229 36.

223 595 280 628 37.

224 993 281 1026 38.

221 1294 278 1327 41.

218 2098 276 2130 43.

760 98 1026 135 —167—

306 194 367 234 Qui
397 204 474 228 vere
498 197 651 238 apparuit

356 248 489 285 quartus
515 246 549 278 in
576 247 711 287 camino,

307 293 359 325 Ac
383 296 470 326 totus
497 295 624 327 exaruit

356 351 466 374 amore
493 343 612 386 divino⁷

309 389 415 423 Carne
441 400 511 423 cum
538 401 573 423 se
597 392 706 424 induit

356 448 446 472 more
471 441 655 481 peregrino,

306 487 338 520 A
359 488 455 528 lapsu
481 489 601 529 eripuit

355 546 420 577 qua
444 546 502 569 nos
528 537 725 578 serpentino.

308 595 369 634 Qui
396 598 446 628 est
471 596 554 628 sicut
579 595 714 636 legimus

358 644 498 684 quadam
523 644 706 684 prophetia,

306 692 435 725 Primus
463 696 495 724 et
519 692 712 724 novissimus

355 741 524 781 patrisque
550 740 675 780 sophia,

307 789 377 829 Qua
403 789 539 822 docente
567 788 730 829 discimus,

357 846 419 878 quo
446 847 485 870 ex
510 840 553 878 te,
579 836 697 873 Maria.

306 886 413 918 Natus
440 889 498 926 est,
527 887 613 927 quod
641 886 802 918 credimus

355 943 432 968 vere
456 934 523 967 fide
547 935 612 975 pia.

309 992 370 1032 Qui
396 1001 493 1025 carne
519 1001 589 1024 cum
616 992 769 1033 gignitur,

356 1043 447 1073 vates
472 1044 508 1073 ut
532 1041 743 1081 scripserunt,

305 1089 426 1122 Botrus
452 1092 546 1122 vecte
571 1089 705 1130 geritur,

356 1139 439 1171 coeli
464 1143 667 1176 roraverunt,

307 1293 372 1326 Per
397 1303 491 1334 quem
515 1296 647 1325 nostrae
672 1293 811 1327 solvitur

355 1342 444 1374 necis
473 1342 641 1382 discrasia,

305 1391 391 1423 Nam
418 1391 572 1423 sacerdos
598 1390 753 1422 scribitur

354 1449 449 1472 sacra
473 1439 666 1481 psalmodia,

306 1489 376 1529 Qua
402 1487 589 1530 frequenter
619 1488 736 1520 colitur

354 1538 442 1570 dulci
467 1536 669 1578 symphonia,

303 1589 414 1628 Atque
438 1586 652 1619 honorabitur

351 1644 480 1676 semper
504 1635 539 1667 in
565 1635 627 1667 hac
649 1634 714 1667 via.

269 1724 275 1730 .
303 1694 364 1734 Qui
389 1702 468 1726 vere
494 1697 541 1725 est
567 1693 674 1725 hostia

352 1743 482 1776 solvens
509 1742 637 1774 actuale

303 1794 478 1826 Peccatum
506 1800 545 1823 ex
564 1790 670 1832 gratia

352 1844 385 1874 et
410 1840 579 1882 originale,

302 1890 433 1924 Pellens
460 1888 670 1922 adversantia

354 1941 387 1971 et
409 1939 463 1979 jus
494 1938 684 1981 gehennale,

304 1988 438 2021 Donans
466 1988 548 2020 coeli
573 1987 693 2028 gaudia

353 2046 414 2078 per
439 2037 557 2069 donum
583 2035 693 2069 finale.

305 2095 367 2135 Qui
393 2097 443 2127 est,
466 2095 524 2127 ille
549 2094 694 2128 medicus

355 2144 407 2177 vel
435 2144 668 2182 Samaritanus

305 2194 373 2234 Quo
400 2193 602 2227 Israeliticus

352 2245 402 2275 est
427 2242 559 2275 effectus
588 2251 695 2286 sanus,

303 2292 458 2333 Signatur
482 2291 662 2325 catholicus

352 2351 414 2383 quo
438 2350 497 2374 seu
523 2341 730 2378 christianus,

302 2391 403 2432 Quem
429 2391 611 2432 prostravit
635 2390 780 2423 hzsticus

351 2438 444 2474 furor
470 2444 501 2472 et
525 2438 694 2482 profanus

923 402 980 435 39.

924 799 981 832 40.

880 1225 920 1258 V.

923 1294 979 1327 44.

921 1694 977 1727 45.

922 2094 979 2128 46.

1010 198 1165 232 Columba
1190 199 1358 240 emittitur,

1054 250 1179 280 montes
1205 248 1420 286 stillaverunt,

1006 295 1045 328 In
1071 297 1244 329 cisternam
1268 297 1418 339 mittitur,

1056 343 1175 377 fratres
1202 355 1296 387 quem
1322 345 1469 378 oderunt.

1007 401 1069 441 Qui
1091 403 1346 435 misericorditer

1055 452 1230 492 assumpsit
1254 456 1403 484 naturam

1007 498 1161 532 Nostram
1187 503 1219 532 et
1241 500 1366 532 utiliter

1057 547 1152 580 nobis
1178 547 1392 589 profuturam,

1009 597 1197 637 Assumpsit
1223 600 1256 629 et
1280 596 1410 630 fortiter

1055 653 1120 676 non
1149 645 1370 685 deposituram

1009 691 1075 724 Sed
1101 696 1133 725 et
1157 694 1350 726 mirabiliter

1055 750 1130 774 nam
1155 742 1419 777 indiscussuram.

1006 799 1105 839 Cujus
1131 800 1322 833 excellentia

1055 847 1149 881 homo
1175 852 1347 889 reparatur

1008 895 1053 928 Et,
1076 896 1110 927 in
1137 897 1281 929 amicitia

1056 944 1119 976 Dei
1143 944 1348 983 reformatur,

1006 992 1088 1033 Ejus
1113 1003 1251 1035 namque
1276 995 1381 1035 gratia

1055 1041 1119 1073 sibi
1145 1041 1344 1083 oeuffragatur.

1009 1090 1111 1122 Vetus
1139 1091 1325 1123 innocentia

1059 1139 1145 1178 quod
1171 1143 1392 1179 recuperatur.

1009 1293 1070 1332 Qui
1098 1297 1147 1327 est
1168 1294 1252 1327 illud
1278 1294 1405 1334 ostium,

1055 1350 1116 1382 per
1141 1343 1226 1383 quod
1252 1343 1377 1375 intrant
1398 1344 1487 1387 Justi‚

1006 1390 1216 1431 Deponentes
1241 1392 1356 1423 vitium

1055 1439 1194 1472 hominis
1220 1440 1340 1472 vetusti

1005 1487 1136 1521 Exeunt
1162 1498 1222 1529 per
1246 1489 1387 1529 pretium

1057 1535 1191 1570 Gratiae
1217 1538 1334 1578 onusti,

1006 1586 1057 1617 Ac
1079 1585 1205 1619 intrant
1226 1595 1288 1627 per
1312 1587 1493 1627 praemium

1054 1634 1177 1675 gloriae
1203 1635 1341 1668 venusti.

1006 1692 1067 1733 Qui
1091 1695 1204 1733 past-or
1229 1697 1288 1733 est,
1316 1693 1370 1734 qui
1388 1695 1563 1734 congregat

1054 1750 1134 1782 opus
1160 1751 1220 1782 per
1245 1742 1366 1774 subtile

1009 1790 1093 1823 Oves
1120 1800 1205 1830 suas,
1235 1791 1401 1832 disgregat,

1057 1848 1136 1880 quas
1162 1843 1333 1880 peccatum
1359 1840 1433 1880 vile,

1005 1887 1051 1920 Et
1076 1888 1110 1919 in
1135 1898 1233 1921 unum
1260 1892 1413 1930 aggregat

1056 1937 1233 1970 clementer
1258 1938 1353 1975 ovile,

1007 1985 1126 2027 Sicque
1151 1996 1280 2019 sursum
1303 1986 1454 2019 sublevat

1055 2035 1098 2068 ad
1126 2036 1208 2068 coeli
1234 2036 1340 2068 cubile

1008 2093 1119 2134 Quem,
1146 2095 1244 2127 stella
1267 2093 1481 2138 splendifera,

1055 2142 1173 2175 mirum
1198 2147 1312 2184 portas
1338 2143 1450 2184 solem,

1009 2192 1088 2226 Cum
1113 2192 1228 2234 gignis,
1255 2201 1428 2233 puerpera,

1056 2240 1142 2273 hanc
1169 2241 1314 2274 divinam
1338 2242 1474 2284 prolem,

1009 2290 1132 2322 Terrae
1157 2299 1216 2323 sua
1245 2290 1381 2323 dextera

1058 2339 1112 2379 qui
1135 2339 1295 2382 appendit
1320 2340 1448 2383 molem,

1009 2388 1079 2428 Qua
1105 2392 1138 2421 et
1163 2387 1242 2421 fecit,
1267 2389 1387 2430 sidera,

1058 2437 1169 2471 lunam
1195 2441 1291 2480 atque
1317 2438 1428 2472 solem.
