1656 2674
648 59 915 95 —160—

622 152 670 184 50.
710 152 878 186 Rosarium
898 151 951 184 III.

139 263 168 296 1.
196 262 271 305 Eja,
296 264 401 295 mater
426 270 443 293 o
470 261 590 304 Maria,

243 309 335 342 Stola
359 308 486 351 fulgens
512 309 644 352 duplici,

194 362 296 398 Quam
323 357 472 390 coelestis
497 357 683 390 hierarchia

243 406 326 439 Voto
352 406 467 438 laudat
490 405 641 446 simplici,

194 454 299 487 Tuum
323 454 425 497 plebi,
451 454 544 495 virgo
568 455 635 494 pia,

242 501 295 535 Da
316 503 470 543 juvamen
495 502 646 542 supplici.

134 561 165 594 2.
190 559 266 601 Eja‚
294 558 400 592 forma
424 559 591 600 virginalis

245 606 350 640 Carne
377 607 619 641 continentium.

193 656 293 697 Quam
319 664 383 688 non
411 655 516 688 fuscat
543 656 693 697 aliqualis

241 704 373 738 Peccati
399 705 593 747 contagium,

196 753 331 786 Omnem
355 752 458 785 hostis
482 751 655 785 infernalis

240 800 383 834 Auferas
410 800 582 841 obsidium,

135 860 166 893 3,
193 860 266 899 Eja,
293 859 393 891 maris
421 859 511 891 clara
536 859 643 898 stella,

240 906 357 940 Totum
384 906 659 947 hemisphaerium

192 955 311 987 Mundi
336 956 489 987 lustrans.
516 954 609 987 verbi
637 954 721 986 cella

238 1003 303 1036 Seu
327 1003 583 1044 reclinatorium,

189 1051 242 1083 En
266 1051 387 1092 ubique
411 1054 550 1092 regnant.
574 1050 673 1091 bella,

238 1099 290 1132 Sis
315 1099 409 1133 nobis
427 1099 639 1140 praesidium.

130 1159 163 1191 4.
191 1157 256 1195 Eia
291 1157 396 1189 dulcis
424 1160 455 1190 et
480 1157 652 1197 praeclara

239 1208 324 1240 Prae
350 1205 468 1238 creatis
495 1204 654 1242 omnibus,

192 1254 278 1294 Tibi,
306 1254 507 1287 consolatrix
532 1263 644 1295 gnara,

238 1303 315 1336 Rite
336 1302 600 1344 adhaerentibus,

191 1350 244 1383 Da
269 1351 424 1395 solamen,
452 1351 544 1392 virgo
572 1360 658 1391 cara,

238 1401 278 1433 In
302 1400 417 1440 poenis
445 1399 646 1441 degentibus.

131 1458 163 1490 5.
189 1455 265 1497 Eja,
290 1461 396 1490 mater
422 1457 584 1499 generalis

239 1506 467 1546 Orphanorum
493 1507 645 1547 omnium,

189 1552 318 1587 Devote
340 1555 376 1587 in
401 1555 468 1587 suis
492 1555 589 1588 malis

239 1602 295 1635 Ad
322 1606 357 1635 te
382 1603 625 1644 suspirantium,

189 1651 290 1692 ignia
321 1652 373 1692 da,
397 1660 441 1683 ne
465 1651 656 1692 gehennalis

240 1699 309 1732 Nos
336 1703 413 1733 urat
436 1700 634 1733 incendium.

103 1827 159 1861 11.
188 1826 213 1860 Ο
240 1826 360 1867 Maria,
386 1826 448 1861 flos
473 1829 621 1870 pudoris,

236 1876 348 1910 Mater
373 1877 438 1910 viri
462 1878 583 1921 nescia,

186 1926 335 1960 Fervens
360 1927 462 1960 ardor
488 1936 522 1959 es
548 1927 677 1967 amoris,

238 1975 342 2009 Plena
366 1977 536 2016 sapientia,

186 2023 293 2057 Verus
319 2033 418 2065 sapor
444 2027 476 2057 et
503 2024 646 2057 dulcoris

234 2072 367 2106 Pollens
393 2073 605 2106 abundantia.

100 2129 155 2165 12.
186 2131 210 2164 Ο
236 2130 355 2170 Maria,
379 2134 484 2163 mater
509 2130 581 2169 Dei,

235 2179 334 2218 Cujus
362 2179 568 2211 conniventia

183 2226 312 2259 Nobilis
341 2225 509 2267 progeniei

231 2275 311 2307 Orta
337 2276 386 2306 est
409 2274 573 2315 prosapia,

180 2321 281 2362 Virgo
306 2321 464 2361 pulchrae
489 2320 594 2358 faciei,

230 2369 324 2402 Omni
349 2369 448 2409 plena
470 2367 585 2408 gratia.

760 219 787 251 I.
838 262 869 295 6.
896 260 971 303 Eja,
996 259 1055 292 lux
1078 256 1295 291 interminalis

944 308 1096 348 Desuper
1120 306 1295 346 irradians

897 356 1088 390 sanctitatis
1112 353 1286 387 internalis

944 405 1104 437 Decorem
1130 411 1341 443 recuperans,

896 453 1000 486 Omne
1021 454 1164 485 taetrum
1190 450 1369 483 criminalis

947 501 1070 542 Culpae
1095 501 1140 532 sis
1167 499 1396 532 exterminans.

838 561 869 594 7.
895 559 971 600 EJa,
998 559 1107 600 plasta
1132 559 1274 599 plastem
1290 559 1462 598 plasmans

931 608 1034 641 Modo
1060 606 1228 646 ineffabili,

895 656 940 688 Et
965 656 1126 689 medelam
1153 655 1201 688 sic
1226 654 1408 696 propinans

943 704 1061 737 Morbo
1087 705 1142 736 vix
1168 703 1320 745 sanabili,

897 751 1110 785 Consolamen
1136 753 1180 784 sis
1207 760 1388 792 procurans

945 800 1041 833 Nunc
1065 799 1158 833 fideli
1182 800 1308 840 populi.

835 857 866 890 8.
893 856 968 897 Eja,
997 866 1094 890 causa
1118 860 1154 889 tu
1179 855 1329 889 formalis

945 905 1061 939 Carnis
1088 904 1211 938 Christi
1235 904 1382 945 Domini,

894 953 978 986 Boni
1000 962 1098 986 causa
1122 957 1159 986 ut
1182 952 1291 987 finalis

942 1002 1004 1042 Qui
1030 1002 1088 1035 dat.
1110 1002 1214 1035 vitam
1237 1002 1375 1041 homini,

896 1049 965 1083 Nos
995 1049 1135 1083 defende
1160 1051 1224 1083 tuis
1252 1051 1313 1084 alis

945 1099 1147 1132 Subtrahens
1175 1099 1367 1134 discrimini.

837 1157 868 1191 9.
894 1155 969 1197 Eia,
996 1155 1127 1190 flamma
1153 1157 1298 1190 caritatis

946 1205 1034 1245 Quae
1058 1210 1184 1239 mentes
1209 1205 1357 1239 fidelium

895 1254 1059 1288 Accendis
1085 1256 1129 1288 ad
1158 1254 1317 1288 claritatis

941 1302 1005 1335 Dei
1033 1303 1241 1344 desiderium,

897 1349 1097 1392 Compeditis
1122 1352 1156 1385 in
1181 1352 1326 1392 peccatis

931 1400 1065 1433 Adhibe
1089 1401 1280 1434 remedium.

895 1457 970 1498 Eia,
996 1458 1153 1498 splendor
1177 1459 1343 1492 luminalis

945 1507 1112 1540 Tenebras
1139 1509 1317 1549 excutiens,

896 1555 1021 1597 Ingerit
1048 1565 1128 1597 quas
1154 1556 1343 1598 gehennalis

945 1604 1099 1637 Inimicus
1125 1614 1335 1647 persequens,

897 1652 951 1686 Ab
976 1654 1040 1685 hoc
1064 1662 1180 1686 manus
1203 1653 1396 1687 matronalis

946 1701 1044 1735 Scuto
1070 1702 1114 1735 sis
1140 1712 1199 1736 nos
1220 1705 1410 1744 protegens.

810 1458 868 1493 10.

769 1760 814 1795 II.

812 1829 870 1864 13.
897 1829 923 1864 Ο
947 1830 1067 1870 Maria,
1092 1831 1185 1873 virgo
1211 1835 1305 1872 grata

947 1879 1079 1913 Cunctis
1104 1879 1138 1912 in
1167 1879 1306 1912 ecclesia

893 1928 959 1961 Pro
982 1927 1087 1960 salute
1111 1928 1206 1961 nobis
1233 1929 1311 1961 data

939 1975 1062 2008 Divina
1087 1976 1267 2016 clementia,

890 2022 1013 2062 Firma,
1043 2024 1157 2064 dulcis,
1186 2032 1270 2065 cara,
1295 2026 1380 2061 rata,

939 2071 1110 2104 Trinitatis
1132 2072 1270 2104 conscia.

804 2130 860 2162 14.
890 2129 915 2162 O
939 2128 1057 2167 Maria„
1083 2131 1189 2161 mater
1213 2128 1286 2160 Dei,

934 2176 1034 2216 Virgo
1058 2175 1229 2215 pudicitia,

883 2222 962 2255 Flos
987 2223 1177 2262 praeclarae
1201 2221 1324 2261 speciei

930 2269 1053 2301 Famae
1077 2270 1263 2302 redolentia

880 2317 991 2350 Virtus
1017 2317 1105 2349 salus
1129 2317 1232 2350 omnis
1251 2318 1300 2351 rei

925 2363 1063 2398 Precum
1088 2373 1149 2406 per
1173 2365 1339 2409 suffragia.
