1656 2674
242 197 274 231 7.

219 1077 275 1110 11.

221 1475 276 1509 12.

218 1876 273 1909 13.

212 2279 270 2314 14.

753 100 1021 136 -169—

303 196 363 230 Gui
389 206 422 230 es
448 200 554 231 mater
579 198 669 240 regia

348 246 451 287 stirpe
478 251 642 288 generata.

300 295 349 329 Ut,
371 304 432 335 per
456 295 615 328 vaticinia

351 352 422 376 eras
448 344 655 385 prophetata,

302 392 349 425 Es
375 401 436 432 per
461 393 634 434 privilegia

349 441 452 474 multa
477 441 631 474 decorata

304 490 355 522 Ac
380 498 522 530 superna
547 491 652 530 gratia

349 538 432 570 mire
456 542 644 579 perornata.

270 624 276 629 .
304 596 403 636 Cujus
428 596 613 629 benedictio

351 648 384 676 te
408 648 545 677 matrem
570 645 711 677 beatam.

304 693 387 726 Olim
415 702 435 725 a
459 693 650 734 parentibus

348 741 382 772 in
408 741 529 782 templo
556 741 709 776 oblatam.

301 789 423 823 Priscis
449 790 483 822 in
506 789 708 831 temporibus

349 847 409 878 per
434 848 579 871 mensam
604 839 763 880 signatam

301 888 455 930 Auream,
484 896 503 920 a
527 888 676 928 gentibus

351 936 413 968 soli
439 935 633 970 dedicatam.

304 1077 363 1111 Cui
386 1086 505 1109 nomen
524 1076 684 1109 Emanuel

349 1126 445 1165 juxta
470 1125 599 1165 Isaiam‚

305 1175 370 1208 Per
395 1175 480 1214 quod
507 1173 597 1214 plebi
623 1173 727 1207 Israel

352 1222 493 1263 signavit
516 1221 682 1260 Messiam‚

302 1270 474 1303 Nuntiavit
502 1269 638 1302 Gabriel

350 1327 445 1359 quem
472 1318 514 1351 ad
540 1322 573 1350 te
598 1318 751 1358 Mariam,

300 1368 436 1401 Portam
462 1376 558 1408 quam
582 1366 738 1400 Ezechiel

350 1414 414 1448 fert
440 1425 501 1457 per
526 1415 742 1456 prophetiam.

305 1474 366 1515 Qui
391 1474 455 1507 sibi
481 1484 501 1507 a
522 1475 651 1507 saeculo

349 1525 383 1554 te
409 1522 668 1564 praedestinavit

300 1573 339 1606 In
365 1576 503 1604 matrem
529 1575 561 1603 et
587 1571 705 1604 annulo

349 1629 406 1654 suo
432 1620 651 1661 subarrhavit„

300 1669 437 1710 Quando
463 1673 497 1702 te
518 1669 683 1709 spiraculo

350 1721 462 1750 sancto
489 1717 694 1751 obumbravit

298 1768 344 1801 Et
369 1768 493 1800 ventris
519 1767 645 1799 alveolo

348 1816 398 1848 tui
421 1816 592 1849 habitavit.

302 1875 363 1916 Qui
389 1878 488 1915 caput
513 1874 670 1907 ecelesiae

348 1933 369 1955 a
392 1933 450 1956 suo
478 1926 636 1964 conceptu

299 1973 362 2006 Est
388 1976 421 2004 et
443 1973 562 2014 plenus
587 1971 711 2014 gratiae

348 2022 466 2054 mentis
493 2023 528 2054 in
554 2020 681 2054 affectu.

297 2072 419 2105 Plenus
445 2070 627 2112 sapientiae

349 2123 399 2153 est
423 2121 460 2152 in
483 2120 666 2159 intellectu,

296 2169 392 2203 Dona
419 2169 474 2202 det
499 2168 645 2202 laetitiae

347 2218 441 2252 nobis
470 2227 541 2251 cum
569 2217 694 2251 effectu.

296 2280 365 2320 Quo
393 2279 550 2318 concepto
576 2276 730 2319 gaudium

345 2336 499 2368 magnum
524 2326 679 2365 habuisti,

295 2376 477 2417 Arduaque
506 2376 665 2409 montium

345 2425 458 2459 statim
482 2425 671 2458 ascendisti.

867 1018 910 1051 ΙΙ.

944 200 975 233 9.

920 597 978 631 10.

919 1281 975 1314 15.

919 1678 976 1713 16.

919 2080 974 2114 17.

1004 199 1064 234 Cui
1090 202 1198 240 grates
1225 199 1349 240 agimus

1039 250 1174 289 propter
1199 251 1231 280 te
1256 247 1407 288 puellam,

1004 298 1066 337 Qui
1090 300 1125 328 te
1150 297 1207 329 dat
1232 297 1421 329 clementius

1052 344 1146 378 nobis
1172 345 1272 378 maris
1298 346 1437 382 stellam,

1002 394 1103 427 Plene
1130 403 1193 434 qua
1219 393 1383 434 effugimus

1052 443 1214 483 triplicem
1239 443 1418 484 procellam

1004 491 1069 524 Per
1094 500 1190 531 quam
1215 495 1247 523 et
1272 491 1476 523 ascendimus

1054 540 1207 572 coelicam
1230 541 1264 572 in
1292 539 1414 571 cellam.

1004 598 1065 638 Qui
1090 601 1123 630 te
1148 601 1285 630 matrem
1310 597 1413 629 voluit

1052 647 1122 679 viro
1150 646 1352 687 desponsari.

1006 695 1104 735 Cujus
1130 695 1237 735 prima
1261 695 1367 734 potuit

1053 752 1150 776 eausa
1174 743 1352 785 adsignari,

1003 791 1087 823 Nam
1114 791 1154 823 ab
1180 792 1273 824 hoste
1300 791 1407 823 decuit

1053 840 1137 872 illud
1162 840 1316 883 ignorari,

1002 889 1094 929 Quod
1122 888 1244 921 dudum
1271 887 1431 928 disposuit

1052 937 1086 969 in
1111 940 1145 968 te
1167 937 1343 970 incarnari.

1004 1078 1135 1110 Amitae
1160 1077 1309 1109 solatium

1051 1126 1197 1158 salutans
1225 1125 1356 1168 dedisti,

1005 1173 1147 1206 Johanni
1169 1174 1348 1215 tripudium

1051 1222 1099 1254 ita
1122 1222 1328 1261 praestitisti.

1004 1280 1104 1320 Quem
1130 1282 1186 1311 tua
1213 1288 1283 1312 eum
1308 1280 1426 1320 gaudio

1049 1337 1140 1361 mens
1164 1327 1394 1369 magnificavit.

1002 1378 1042 1410 ln
1068 1385 1129 1418 quo
1157 1380 1190 1408 et
1214 1377 1358 1417 tripudio

1052 1435 1168 1466 magno
1195 1425 1380 1466 exsultavit,

1004 1474 1149 1516 Cognata
1175 1483 1214 1506 ex
1238 1473 1307 1507 filio

1053 1532 1125 1556 cum
1150 1525 1183 1554 te
1210 1522 1375 1555 exaltavit.

1004 1571 1138 1612 Quando
1167 1571 1329 1604 desiderio

1052 1624 1085 1653 te
1110 1620 1312 1653 resalutavit.

1004 1678 1065 1718 Qui
1088 1680 1125 1710 ut
1149 1676 1208 1710 fios
1233 1679 1267 1710 in
1292 1678 1422 1710 hortulo

1052 1727 1175 1759 ventris
1201 1727 1249 1759 tui
1275 1727 1403 1767 erescit,

1003 1776 1040 1808 In
1069 1775 1216 1808 eredenti
1241 1775 1362 1816 populo

1052 1832 1245 1864 semperque
1268 1823 1411 1859 virescit.

1003 1873 1099 1906 Felix
1125 1872 1183 1904 sub
1210 1872 1399 1905 umbraculo

1052 1922 1120 1963 ejus
1147 1921 1202 1962 qui
1229 1921 1375 1963 quiescit,

1004 1971 1035 2004 A
1058 1971 1174 2003 mundi
1197 1970 1345 2011 periculo

1051 2019 1239 2061 perturbari
1264 2020 1379 2053 nescit.

1003 2079 1102 2119 Quem
1127 2078 1261 2110 novenis
1285 2077 1451 2110 mensibus

1051 2129 1167 2160 ventre
1191 2127 1344 2168 virginali

1002 2177 1160 2218 Bajulans
1189 2176 1336 2209 devotius

1052 2226 1122 2259 sine
1147 2225 1281 2266 aliquali

1002 2276 1120 2314 Onere,
1148 2274 1304 2307 divinitus

1050 2327 1198 2364 tempore
1223 2323 1362 2356 brumali

1003 2373 1098 2406 Paris
1121 2372 1209 2405 hunc
1232 2371 1385 2405 fidelibus

1052 2422 1150 2456 modo
1175 2422 1321 2464 speciali.
