1656 2674
729 45 967 81 -66-

180 149 237 183 37.
265 145 305 182 In
331 157 473 189 superna
495 147 626 187 regione

313 197 423 230 Omnis
448 194 676 232 introducitur,

266 244 327 284 Qui
351 253 411 285 per
435 242 680 276 tribulationem

312 293 377 326 Hic
401 293 434 324 in
457 290 577 323 mundo
602 290 763 330 premitur

268 341 378 375 Ullam
406 339 658 373 consolationem

311 389 381 421 Neo
409 388 530 420 habere
556 386 674 418 sinitur

363 438 504 477 Propter
529 434 748 467 adversantia.

178 497 235 531 38.
264 492 500 529 Conculcantur
525 501 641 532 nempe
662 493 757 525 multi

310 544 350 576 In
372 543 483 575 mundi
509 541 660 581 miseriis,

261 592 322 633 Qui
356 594 511 632 putantur
537 592 700 630 tamquam
727 588 820 621 stulti

311 640 442 680 Indigni
467 638 604 681 solatiis,

262 688 327 721 Sed
353 686 500 728 profecto
527 686 619 718 bonis
646 685 721 718 fulti

310 736 450 769 Exstant
478 735 641 767 exercitiis
699 774 707 780 ⁵

358 784 544 824 Mentisque
569 784 755 824 prudentia.

180 844 236 878 39.
265 841 362 877 Tales
389 845 478 874 certe
501 842 549 873 sic
576 841 722 882 despecti

311 891 411 923 Malis
438 891 478 923 ab
504 890 698 932 hominibus,

264 939 299 972 Si
325 938 580 980 perseverabunt
606 939 690 971 recti

311 987 383 1020 Suis
408 988 444 1020 in
472 987 657 1028 virtutibus,

259 1036 472 1069 Deducentur
496 1039 531 1067 ut
559 1036 654 1067 electi

312 1084 391 1118 Cum
417 1084 522 1117 beatis
549 1084 695 1116 omnibus

359 1134 397 1165 In
422 1142 523 1174 regna
545 1133 710 1172 perennia.

179 1187 235 1221 40.
262 1184 353 1220 Audi
378 1186 485 1227 modo,
511 1188 617 1217 mater
644 1186 793 1229 clemenS,

313 1235 487 1268 Precatum
512 1234 678 1269 ecclesiae,

265 1283 332 1322 Quo
358 1283 502 1315 solamen
528 1292 548 1314 a
572 1286 604 1314 te
629 1286 743 1323 petens

311 1331 438 1364 Insistit
465 1331 623 1371 quotidie,

263 1379 349 1412 Nam
373 1380 456 1412 hanc
475 1379 592 1419 premit
610 1380 662 1412 ira
678 1379 818 1412 fremens

309 1429 426 1469 Populi
452 1425 609 1468 perfidiae

359 1477 481 1517 Magna
506 1485 578 1508 011111
603 1477 750 1510 saevitia.

177 1531 236 1564 41.
263 1527 374 1567 Tolle„
402 1532 515 1567 mater,
543 1538 630 1561 nunc
652 1528 817 1573 flagellum

311 1578 412 1610 Prece
437 1582 494 1610 tua
520 1578 668 1617 dulciter,

262 1627 328 1660 Per
353 1627 503 1667 rapinam
529 1630 559 1658 et
585 1635 646 1667 per
668 1627 790 1660 bellum

312 1675 459 1708 Gravans
485 1675 688 1710 terribiliter.

264 1723 481 1757 Christianum
508 1724 595 1764 quod
620 1725 785 1765 popellum

310 1773 433 1805 Premit
463 1777 529 1805 tam
556 1772 719 1806 hostiliter

357 1821 554 1862 Temporum
578 1830 639 1861 per
663 1823 779 1863 spatia.

260 1871 306 1908 'Ut
331 1877 436 1907 amoto
464 1874 669 1907 adversantis

309 1922 473 1955 Fortunae
501 1923 627 1955 excidio

260 1971 350 2003 Tuae
376 1972 482 2011 precis
510 1972 674 2004 exorantis

311 2020 431 2060 Optato
456 2020 622 2061 praesidio

262 2067 473 2101 Concinamus
502 2070 727 2109 concrepantis

310 2116 407 2149 Chori
434 2126 507 2149 cum
531 2117 676 2157 tripudio

357 2165 504 2206 Hymnos
534 2168 565 2197 et
592 2167 726 2199 laetitia.

261 2214 350 2251 Illud
376 2220 423 2251 sic
450 2219 687 2260 depopulanien

309 2267 340 2298 A
362 2267 456 2299 nobis
481 2267 690 2299 credentibus

261 2314 418 2347 Ablatum
443 2325 504 2356 per
528 2315 723 2355 adjuvamen

309 2363 414 2395 Tuum
439 2364 569 2404 stringit
596 2365 717 2397 arctius

174 1875 232 1908 42.

175 2218 234 2251 43.

967 142 1023 174 Ad
1050 139 1232 171 canendum
1255 135 1438 178 jubilamen

1014 188 1090 222 Tibi
1116 196 1174 219 nos
1203 186 1352 219 devotius

1060 236 1201 270 Remota
1228 233 1365 267 desidia.

879 303 937 335 44.
965 298 1129 335 Nazareni
1153 300 1260 330 mater
1284 295 1375 330 floris

877 656 934 690 45.

876 1011 934 1044 46.

876 1364 933 1397 47.

876 1720 933 1753 48.

874 2074 933 2109 49.

1013 347 1188 388 Florisque
1214 345 1333 387 deifici,

964 398 1065 437 Quem
1088 395 1276 428 collaudant
1291 394 1415 427 cunctis
1434 393 1521 427 horis

1014 445 1153 480 Ordines
1179 444 1320 485 angelici

962 496 1033 529 Fac
1057 494 1161 534 ipsius
1187 502 1246 525 nos
1271 492 1391 525 amoris

1013 543 1159 577 Odoratu
1180 540 1273 574 refici

1062 591 1099 623 Iu
1128 599 1269 631 superna
1295 589 1412 631 patria.

962 652 1046 690 Mire
1073 654 1193 695 quippe
1217 662 1276 685 nos
1302 655 1433 685 renatos

1009 704 1092 744 Ejus
1118 703 1200 735 odor
1225 702 1330 734 allicit

960 753 1004 786 Et
1030 762 1050 785 a
1077 751 1181 792 culpis
1208 751 1398 783 emendatos

1013 800 1151 840 Copiose
1175 798 1294 839 reficit,

963 850 1018 883 Sic
1042 850 1076 882 in
1103 848 1188 881 bono
1215 847 1423 881 confirmatos

1011 898 1156 931 Tandem
1182 898 1280 938 plene
1305 896 1434 937 proficit

1060 946 1127 979 Sua
1153 944 1310 978 efficacia.

962 1006 1057 1044 sana
1080 1009 1194 1041 mundi
1216 1009 1314 1042 modo
1339 1008 1422 1040 miro

1010 1058 1077 1091 Sua
1101 1056 1181 1090 facit
1206 1065 1363 1099 spernere

961 1105 1162 1147 Sapiensque
1186 1115 1267 1146 prae
1294 1105 1398 1139 deliro

1009 1154 1195 1188 Prudenter
1221 1155 1419 1196 discernere,

960 1202 1006 1236 Ut
1031 1211 1092 1235 nec
1116 1202 1218 1235 hostis
1246 1212 1322 1235 ense
1349 1202 1421 1234 diro

1010 1250 1128 1284 Valeat
1153 1254 1303 1284 avertere

1057 1299 1127 1331 Hos
1155 1299 1195 1331 ab
1219 1299 1416 1332 innocentia.

960 1360 1081 1404 Liquet
1107 1362 1191 1395 illud
1216 1361 1389 1395 manifeste

1010 1412 1074 1444 Per
1098 1420 1217 1452 agones
1243 1415 1437 1453 martyrunn

962 1460 1177 1493 Persuasores
1203 1460 1258 1500 qui
1283 1460 1431 1493 modeste

1011 1509 1213 1549 Superarunt
1239 1509 1408 1549 scelerum:

962 1558 1016 1591 Ita
1040 1565 1176 1598 regnum
1203 1556 1333 1590 Christo
1359 1560 1444 1589 teste

1006 1606 1162 1639 Meruere
1189 1615 1345 1647 superum

1059 1654 1126 1687 Sua
1151 1663 1211 1695 per
1236 1654 1406 1696 martyria.

960 1715 1147 1753 Iucundare
1170 1718 1385 1758 incessanter,

1011 1767 1035 1801 O
1063 1769 1178 1799 sancta
1203 1767 1380 1806 theotocos,

960 1816 1049 1857 Quae
1074 1819 1148 1856 post
1167 1815 1274 1848 Deum
1292 1816 1522 1857 principanter

1009 1865 1140 1905 Regnas
1166 1874 1267 1906 super
1294 1865 1436 1898 coelicos

958 1913 1029 1946 Nos
1056 1913 1099 1945 ad
1125 1914 1195 1945 111111
1222 1914 1286 1947 duc
1306 1915 1475 1948 laetanter

1010 1963 1173 1996 Excessus
1199 1962 1365 1996 theoricos

1059 2010 1105 2043 Et
1130 2011 1173 2044 ad
1201 2012 1283 2044 coeli
1308 2012 1437 2054 gaudia.

959 2070 1022 2107 Est
1037 2083 1111 2107 nam
1126 2075 1265 2114 pulcher
1279 2075 1402 2110 Christi
1415 2076 1522 2110 vultus

1008 2123 1053 2155 Et
1081 2123 1321 2166 desiderabilis,

961 2171 1050 2203 Mira
1075 2171 1148 2203 luce
1176 2172 1403 2206 circumfultus

1012 2219 1145 2252 Cunctis
1173 2229 1287 2254 carens
1313 2223 1462 2265 maculis,

961 2267 1079 2299 Homo.
1108 2277 1202 2309 quem
1228 2270 1351 2304 virtute
1379 2272 1499 2314 cultus,

1011 2317 1196 2350 veneratur
1222 2319 1328 2353 titulis

1058 2364 1208 2399 Lauclum
1236 2376 1309 2401 cum
1328 2371 1523 2405 constantia.
