1656 2674
161 295 242 329 141.

159 718 241 752 142.

158 1143 238 1177 143.

158 1568 239 1602 144.

159 1993 240 2027 145.

695 41 961 78 -102-

270 294 396 334 Gaude,
425 302 520 334 quam
547 292 730 325 cubiculum

318 342 468 381 Suscepit
492 340 637 383 Assueri,

270 390 406 429 Quando
431 388 680 422 tabernaculum

316 438 427 470 Intras
451 437 516 470 ‘Dei
541 438 621 475 veri,

266 485 324 518 Me
350 494 423 517 cum
447 494 508 526 per
532 485 717 527 putibulum

317 533 491 574 Continget
515 533 631 573 teneri,

270 580 348 614 Cum
371 581 469 622 justis
494 582 529 614 iu
554 581 718 614 saeculum

313 629 384 662 Fac
406 639 460 663 me
483 630 659 665 recenseri.

269 715 392 760 Gaude,
418 717 520 758 virgo,
548 717 709 751 thalamus

318 765 442 799 Christi
466 766 600 808 requiei,

270 813 371 853 Quem
399 814 575 855 descripsit
601 815 743 848 calamus

317 862 557 903 Prophetarum
582 864 656 904 Dei,

265 910 357 952 Rogo
382 915 417 944 te
443 912 609 952 attentiuS,

317 960 528 993 Consolamen
555 962 615 1001 rei,

264 1008 362 1041 Salva
385 1017 436 1041 me
464 1010 505 1042 de
529 1008 678 1042 manibus

312 1056 443 1090 Inimici
468 1058 542 1092 mei.

269 1141 395 1184 Gaude,
423 1144 530 1175 velum
556 1144 690 1185 gratiae,

313 1191 431 1224 Velum
454 1191 680 1233 jacintinum,

266 1239 387 1273 Velans
413 1249 522 1281 regem
548 1240 671 1282 gloriae

317 1289 356 1321 In
382 1289 502 1321 mundo
528 1289 747 1332 peregrinum,

268 1337 429 1376 Impetum
455 1337 620 1377 nequitiae

314 1385 472 1418 Conteras
496 1386 675 1427 vulpinum,

265 1433 357 1465 Dans
383 1433 629 1467 benevolentiae

315 1482 451 1514 Modum
478 1482 706 1517 columbinum.

267 1567 391 1608 Gaude,
417 1569 523 1601 vellus
549 1569 705 1613 roridum,

314 1617 427 1650 Vellus
455 1616 627 1661 Gedeonis,

268 1664 358 1704 Quae
382 1667 526 1699 solamen
552 1667 692 1700 solidum

317 1713 448 1747 Cunctis
475 1719 508 1747 te
532 1716 680 1757 exponis,

264 1762 397 1795 Robora
421 1772 473 1796 me
496 1765 651 1805 pavidum

315 1810 502 1845 Gratiarum
528 1813 632 1854 donis,

268 1858 390 1892 Contra
412 1860 539 1893 hostem
565 1862 720 1895 callidum

315 1908 477 1949 Tempore
502 1910 624 1951 agonis.

268 1994 394 2036 Gaude,
423 1996 653 2030 sanctitudinis

315 2042 497 2086 Speculum,
525 2046 643 2088 Maria,

264 2090 394 2131 Expers
421 2095 524 2126 omnis
551 2094 694 2128 criminis

316 2140 356 2172 In
379 2140 476 2181 hujus
497 2142 586 2175 vitae
609 2144 673 2185 via,

265 2186 312 2219 Te
336 2188 507 2222 laudantes
535 2192 686 2224 carminis

314 2235 419 2277 Hujus
444 2239 596 2279 melodia,

266 2283 321 2315 Ad
345 2284 557 2319 beatitudinis

314 2331 462 2373 Regnum
484 2335 595 2375 ducas,
620 2334 685 2376 pia.

801 195 862 228 ΙΙΙ.

862 290 944 324 146.

863 717 943 751 147.

859 1144 939 1178 148.

859 1571 939 1604 149.

859 1999 940 2034 150.

972 288 1098 330 Gaude,
1128 288 1230 328 plena
1253 287 1362 328 gratia

1020 336 1121 377 Virgo
1147 344 1231 377 quae
1254 335 1406 376 probaris

971 385 1018 418 Et
1041 385 1075 417 in
1103 384 1186 417 coeli
1210 384 1316 426 gloria

1017 432 1120 467 Modo
1143 432 1349 474 jncundaris,

968 480 1076 515 Aufer
1097 481 1309 515 adversantia

1018 530 1148 572 Mundi,
1174 529 1273 563 stella
1296 529 1407 572 maris,

970 577 1080 612 Infert
1105 587 1188 620 quae
1212 579 1360 612 versutia

1020 627 1099 662 Feri
1121 628 1308 669 singularis.

974 715 1099 757 Gaude,
1135 715 1339 748 fertilissima

1020 763 1129 806 Stirps
1154 768 1210 797 mo
1237 764 1340 797 adore

970 814 1087 847 Flores
1113 816 1211 855 atque
1238 812 1385 846 balsama

1020 862 1132 894 Vincis
1158 870 1197 895 ac
1224 861 1351 901 decore,

968 911 1124 953 Mundes,
1152 920 1170 944 o
1195 910 1354 951 piissima,

1017 959 1087 992 Tuo
1108 969 1169 1000 pro
1196 968 1307 992 amore

968 1009 1062 1042 Intus
1087 1017 1139 1041 me
1161 1009 1195 1040 in
1221 1008 1331 1041 anima

1015 1059 1047 1090 A
1078 1057 1194 1098 culpae
1220 1056 1356 1089 foetore.

970 1143 1094 1185 Gaude,
1119 1144 1222 1176 nubes
1249 1144 1438 1184 compluens

1016 1194 1109 1225 Arva
1134 1192 1326 1232 animaium,

968 1241 1057 1281 Quae,
1083 1241 1229 1273 desiccat,
1246 1242 1422 1273 vehemens

1014 1289 1135 1330 Aquilo
1162 1290 1342 1331 culparum,

968 1337 1051 1372 Esto
1077 1337 1172 1371 nobis
1198 1338 1347 1371 tribuens

1015 1386 1156 1419 Fontem
1177 1387 1366 1429 gratiarum,

966 1435 1027 1475 Qui
1053 1436 1096 1467 sit
1121 1438 1246 1468 aestum
1274 1436 1443 1469 dimovens

1018 1484 1307 1517 Conscientiaium.

969 1567 1097 1612 Gaude,
1124 1571 1216 1612 virgo
1243 1581 1352 1615 aurea,

1016 1619 1150 1660 Signum
1179 1620 1325 1662 pietatis,

967 1668 1019 1700 Ac
1044 1667 1191 1702 fenestra
1214 1670 1331 1710 vitrea,

1016 1717 1087 1758 Qua
1114 1718 1166 1750 sol
1192 1717 1326 1751 deitatis

967 1766 1121 1810 Intravit,
1150 1775 1287 1800 erronea

1015 1815 1158 1848 Nostrae
1184 1816 1351 1850 caecitatis

968 1862 1111 1897 Auferas
1137 1873 1210 1896 cum
1237 1873 1356 1897 carnea

1017 1912 1122 1953 Culpa
1144 1911 1326 1949 foeditatis,

968 1999 1094 2044 Gaude,
1122 1999 1197 2034 fons
1222 2001 1390 2044 scientiae,

1017 2050 1116 2089 Cujus
1142 2059 1202 2091 per
1227 2051 1393 2084 stillamen

967 2097 1140 2131 Pelluntur
1164 2100 1359 2141 moestitiae,

1014 2145 1123 2179 Datur
1148 2147 1370 2190 sublevamen,

965 2193 1072 2227 Aufer
1096 2205 1183 2228 nunc
1210 2197 1369 2230 ecclesiae

1017 2242 1157 2277 Sanctae
1182 2246 1391 2289 tribulamen,

963 2290 1098 2325 matum
1125 2301 1165 2325 ex
1191 2294 1284 2327 rabie

1014 2339 1230 2381 Paganorum.
1256 2344 1374 2378 Amen.
