1656 2674
185 148 240 181 76.
267 148 426 188 Eiusdem
454 150 568 190 dignus
595 158 628 180 es

316 197 452 230 thronus
479 197 649 236 eburneus,

269 243 368 282 Quem
396 243 604 276 castimoniae

314 294 471 332 perornat
495 290 619 329 titulus,

266 338 409 371 Grandis
434 339 469 370 in
494 338 601 377 gratia

315 389 411 425 atque
436 385 622 425 virtutibus,

263 434 353 465 Auro
378 433 556 472 praecipue

311 481 431 512 amoris
456 481 636 521 praeditus.

180 557 236 589 77.
264 556 348 587 Vere
375 557 524 589 columna
549 564 594 589 es.

311 604 362 636 cui
388 603 583 645 supponitur

262 652 348 685 Tota
374 652 522 692 ecclesia,

309 710 392 741 quae
416 704 505 733 tuam
531 702 678 742 sequitur

258 748 367 781 Vitam
393 749 603 790 laudabilem,

310 798 361 830 cui
387 799 435 830 sic
459 799 620 833 innititur,

260 845 353 885 Quod
379 856 440 879 nee
465 847 505 880 ab
531 848 661 888 ignibus

307 904 369 927 nec
395 894 483 929 ferro
510 894 683 937 frangitur.

174 972 231 1006 78.
259 972 308 1004 Tu
334 974 509 1014 splendens
536 974 675 1008 lectulus

293 1022 362 1053 veri
387 1022 527 1063 pacifici,

246 1070 347 1110 Quem
373 1069 476 1104 fortes
502 1071 649 1105 ambiunt

305 1120 397 1161 regni
419 1120 625 1164 hierarchici,

256 1167 387 1200 Turbae
414 1169 616 1202 credentium

307 1219 338 1248 et
367 1217 539 1257 apostolici

255 1263 338 1306 Viri,
367 1273 439 1297 cum
467 1274 604 1306 corpore

313 1313 443 1353 ‘aepisti
471 1315 578 1355 dejici.

172 1391 227 1424 79.
255 1389 414 1430 Eiusdem
440 1390 610 1432 ferculum,

304 1440 390 1479 quod
417 1440 480 1473 sibi
506 1442 620 1474 statuit

252 1486 305 1519 De
328 1488 427 1529 lignis
452 1488 580 1528 Libani,

302 1536 336 1568 in
364 1546 425 1578 quo
451 1538 599 1571 recubuit

252 1585 378 1618 Novem
402 1586 578 1626 mensibus,

302 1643 373 1666 euni
400 1644 530 1668 carnem
555 1636 674 1678 induit,

251 1682 291 1715 In
317 1684 524 1724 eucharistia,

302 1741 397 1772 quam
423 1733 517 1766 nobis
541 1734 705 1774 praebuit.

167 1804 223 1837 80.
252 1803 276 1836 Ο
303 1803 367 1836 Dei
392 1806 558 1849 scrinium,

298 1853 411 1885 multis
436 1855 612 1888 virtutibus

248 1899 421 1941 Comptum
444 1902 626 1945 insigniter,

299 1949 367 1988 Quo
393 1949 456 1982 Dei
481 1949 568 1983 filius

249 1996 286 2028 In
313 1998 469 2030 mundum
495 2000 628 2033 veniens

298 2046 420 2085 quievit
447 2047 582 2089 duleius,

247 2091 310 2133 Da,
337 2103 426 2136 rogo,
453 2096 592 2137 gratiam

294 2143 394 2174 stanti
419 2152 500 2183 prae
525 2143 661 2179 foribus.

165 2211 221 2243 81.
250 2211 274 2243 O
301 2213 392 2253 virgo
418 2216 538 2248 nobilis

298 2264 330 2291 et
353 2263 618 2309 prudentissima,

246 2306 286 2338 Iu
311 2310 425 2342 turmis
452 2312 612 2352 virginum

294 2357 543 2399 speciosissima,

735 53 977 88 „73-

968 149 1050 181 Post
1071 146 1177 178 Deum
1204 154 1281 177 vere
1308 153 1341 177 es

1017 193 1262 235 amabilissima,

967 243 1096 274 Assiste
1121 240 1252 271 servulo

1018 290 1054 321 in
1080 288 1134 320 die
1157 287 1285 320 ultima.

884 354 941 386 82.
967 350 1064 389 Mihi,
1091 352 1125 381 te
1151 349 1322 390 deprecor,

1019 408 1037 431 ο
1062 400 1169 430 mater
1193 401 1319 441 tenera,

967 447 1171 488 Regnantem
1197 446 1361 488 perpetim

1016 496 1051 527 in
1073 495 1176 535 prolis
1205 495 1353 535 dextera,

968 544 1034 577 Per
1056 543 1212 583 sodalitii,

1018 593 1207 633 conjunctos
1233 592 1379 636 foedera,

968 642 1048 674 Post
1073 641 1161 674 vitae
1185 643 1360 675 terminum

1014 690 1140 731 perduc
1166 691 1210 723 ad
1236 692 1379 724 aethera.

882 753 938 787 83.
966 753 1060 787 Patri
1084 754 1233 795 potentia

1016 803 1059 835 sit
1083 803 1281 845 innascibili,

965 852 1054 885 Laus
1081 854 1179 893 atque
1204 852 1310 893 gloria

1014 900 1102 941 proli
1127 900 1289 942 nascibili,

966 949 1099 982 Summa
1123 950 1165 981 sit
1192 949 1320 982 bonitas

1012 998 1083 1031 Deo
1114 998 1276 1039 spirabili,

965 1046 1033 1087 Quo
1059 1045 1172 1079 fruens
1192 1047 1315 1087 jubilas

1012 1096 1045 1128 in
1073 1096 1215 1128 saeclum
1242 1095 1374 1129 saeculi.

1007 1172 1233 1209 Capitulum
1252 1181 1395 1201 nonum.

878 1223 934 1258 84.
963 1224 1055 1256 Haec
1081 1231 1153 1254 cum
1178 1223 1361 1263 plausidice

1011 1272 1119 1304 curvis
1147 1272 1328 1304 cervicibus

959 1321 1135 1361 Macteque
1161 1321 1266 1353 solide

1009 1368 1104 1402 flexis
1131 1369 1311 1410 poplitibus

959 1418 1080 1452 Verbis
1107 1419 1334 1459 exprimerem,

1007 1467 1089 1499 meis
1115 1467 1283 1499 laboribus

957 1516 1059 1558 Virgo
1086 1517 1286 1556 compatiens

1008 1564 1092 1598 dixit
1115 1564 1305 1606 benignius:

873 1629 931 1661 85.
959 1627 1122 1661 Sacerdos
1144 1629 1269 1670 inclite,

1006 1677 1135 1717 respira
1159 1678 1337 1718 paululum,

958 1726 1010 1758 Ne
1036 1735 1116 1759 onus
1143 1727 1307 1767 opprimat

1005 1779 1097 1807 tuum
1124 1776 1363 1817 corpusculum,

955 1823 1047 1856 Dans
1075 1824 1105 1855 ei
1129 1824 1275 1864 requiem

1002 1873 1092 1905 intra
1118 1872 1314 1915 cubiculum,

957 1920 1025 1960 Quo
1051 1919 1139 1953 facto
1168 1921 1275 1955 denuo

1005 1969 1061 2003 adi
1086 1970 1288 2010 opusculum.

870 2032 926 2065 86.
956 2032 980 2065 Ο
1008 2033 1271 2075 clementissima,

1002 2090 1099 2121 quam
1123 2082 1209 2115 bene
1233 2084 1353 2117 dicei-Is

951 2129 1203 2163 Misericordiae

999 2180 1105 2209 mater
1131 2187 1171 2210 ac
1195 2180 1363 2221 scriberis,

938 2223 1036 2256 Meae
1060 2225 1211 2270 inertiae,

1001 2281 1085 2313 quae
1109 2274 1159 2306 sic
1184 2278 1389 2323 compateris,

949 2320 1041 2359 Quod
1067 2320 1182 2355 laudes
1213 2327 1366 2366 proprias

998 2369 1156 2408 suspendi
1180 2375 1315 2412 pateris
