1656 2674
217 205 275 241 17.

216 425 274 460 18.

218 644 275 678 19.

214 910 274 944 20.

214 1129 273 1163 21.

211 1391 271 1424 22.

209 1702 268 1735 23.

207 2015 266 2049 24.

205 2281 262 2315 25.

754 107 993 144 —57..-

304 205 509 242 Moderatum
531 208 573 240 da
586 207 849 240 moestitudinem

302 256 366 289 Pro
393 256 538 297 peccatis
563 257 597 289 in
624 256 834 297 poenitentia,

302 305 347 337 Et
373 308 539 338 aeternam
565 304 799 338 beatitudinem

304 353 383 387 Cum
409 354 522 387 electis
547 353 581 386 in
610 354 691 386 coeli
716 353 833 394 patria.

302 424 504 467 Angelorum
517 429 553 459 tu
567 435 600 459 es
614 426 846 470 spectaculum,

303 475 343 508 In
369 478 545 517 conspeetu
570 479 625 507 tuo
653 474 846 515 tripudiant,

304 524 355 557 Ab
380 523 432 555 his
446 532 540 556 omne
552 522 640 564 pelle
655 522 846 564 perieulum,

302 573 341 605 In
368 572 430 604 hac
456 572 520 605 oda
545 572 601 612 qui
618 571 678 603 tibi
693 571 845 612 jubilant.

302 642 420 678 Turris
436 643 557 682 David,
580 652 645 684 qua
661 652 846 684 propugna-

611 692 683 724 cula

301 740 483 781 Eriguntur
510 743 625 773 contra
649 737 814 783 Assyrios,

302 790 333 822 A
357 797 408 821 me
436 792 553 822 cuncta
577 788 664 829 pelle
689 788 836 830 pericula

299 839 467 871 Intentata
491 846 552 877 per
578 837 796 872 adversarios,

301 907 471 951 Ejulatum
497 912 595 950 atque
619 909 762 950 suspiria

301 958 511 992 Existentum
535 958 569 990 in
595 958 784 999 purgatorio

301 1007 402 1048 Audi,
428 1008 544 1046 mater,
572 1014 633 1047 pro
659 1009 716 1039 tua
741 1006 846 1047 gloria

301 1056 370 1089 Hos
397 1055 568 1087 consolans
594 1058 649 1087 tuo
668 1054 844 1095 praesidiO.

302 1126 470 1163 Ruinosae
495 1127 571 1159 navi
598 1127 764 1165 ecclesiae,

301 1176 478 1217 Naviganti
500 1175 568 1215 jam
594 1176 627 1207 in
653 1175 810 1215 periculo,

299 1225 389 1257 Tuae
415 1224 521 1257 velum
540 1223 689 1264 expande
707 1223 841 1264 gratiae,

298 1273 437 1306 Hostem
477 1272 605 1313 pellens
644 1280 716 1303 eum
757 1272 844 1304 omni

626 1320 793 1354 scandalo.

298 1387 426 1424 Morum
442 1387 537 1422 nobis
554 1390 683 1420 tuorum
699 1387 843 1419 suavitas

298 1438 394 1471 Vitae
420 1439 552 1470 sanctae
572 1436 773 1469 demonstrat
792 1444 842 1467 se-

610 1484 732 1522 mitam,

297 1535 369 1568 Tua
384 1534 465 1566 mihi
481 1536 628 1575 praestet
646 1532 841 1574 benignitas,

296 1584 347 1617 Ne
372 1592 434 1624 per
451 1585 589 1615 mortem
610 1579 770 1623 defungar
788 1590 840 1613 su-

609 1630 722 1664 bitam.

296 1698 511 1736 Informatrix
538 1698 667 1734 Christo
705 1698 840 1731 creden-

607 1748 687 1779 tium

296 1798 406 1839 Atque
432 1798 524 1838 virgo
551 1796 803 1838 sapientissima,

294 1848 434 1881 Praesta
458 1846 558 1886 mihi,
594 1853 728 1887 quaeso,
764 1844 840 1876 sub-

606 1893 736 1932 sidium,

295 1945 374 1979 Cum
399 1954 417 1977 a
445 1952 543 1977 carne
568 1942 701 1976 recedet
722 1942 839 1975 anima.

296 2011 545 2056 supplicantem
570 2010 632 2044 tibi
657 2010 825 2044 humiliter

292 2063 343 2096 De
370 2060 543 2103 profundis
569 2059 728 2093 malorum
752 2067 829 2092 erue

290 2112 335 2145 Et
361 2114 436 2153 post
461 2112 598 2143 mortem
622 2117 673 2141 me
690 2112 838 2141 aeterna-

604 2158 683 2191 liter

291 2209 446 2244 Concioni
472 2211 658 2242 sanctorum
680 2206 797 2248 adjice.

291 2276 471 2319 Erogatrix
491 2276 641 2309 divorum
655 2283 836 2316 munerum,

289 2328 411 2369 Quibus
443 2326 505 2360 tibi
533 2326 668 2359 devotos
694 2333 834 2369 recreas,

287 2378 345 2411 Me
358 2386 378 2411 a
390 2377 485 2410 malis
495 2384 674 2417 praeserva
682 2375 837 2407 miserum

286 2427 331 2461 Et
365 2426 408 2460 ad
439 2426 525 2459 bona
551 2433 681 2465 semper
706 2432 835 2465 promo-

606 2482 691 2507 veas.

921 209 977 242 26.

921 412 978 444 27.

919 614 976 648 28.

919 818 975 851 29.

918 1106 974 1139 30.

916 1396 973 1430 31.

915 1688 971 1721 32.

913 1980 969 2014 33.

911 2275 969 2308 34.

1005 204 1190 248 Repentino
1215 215 1266 239 me
1292 206 1333 239 ab
1359 206 1493 238 interitu

1004 256 1082 288 Tuis
1108 264 1203 287 serva
1220 255 1341 287 sanetis
1359 253 1545 294 praesidiis,

1004 304 1057 337 Ab
1085 304 1194 337 hostili
1221 302 1337 336 fraude
1353 303 1406 335 vel
1422 304 1548 343 impetu

1004 353 1048 385 Et
1076 353 1200 385 aeterni
1225 352 1310 393 ignis
1336 351 1506 384 incendiis.

1004 458 1160 491 Tolerare
1186 457 1240 491 fac
1266 467 1318 490 me
1343 457 1519 497 humiliter,

1004 506 1062 540 Uti
1087 506 1176 539 Deus
1202 515 1290 538 meas
1315 506 1475 546 nequitias

1004 555 1189 588 Poenitenti
1227 555 1369 587 dimittat
1394 553 1544 595 pleniter.

1005 610 1093 647 Coeli
1113 616 1207 653 prato
1227 613 1425 645 candescens
1443 611 1545 645 lilium

1005 662 1172 695 Castitatis
1201 661 1340 694 candore
1365 661 1471 701 niveo,

1003 710 1087 742 Mihi
1114 709 1225 742 confer
1250 713 1340 741 tuum
1366 709 1532 749 auxilium,

1002 757 1054 790 Ne
1083 766 1207 791 veneno
1235 756 1349 790 foeder
1374 758 1543 798 anguineo.

1005 814 1030 850 0
1057 816 1164 857 beata,
1193 819 1283 848 tuum
1307 815 1508 856 praesidium

1003 863 1214 897 Sathaninam
1224 863 1339 896 fremet
1349 863 1542 901 barbariem,

1001 912 1053 944 Ne
1079 916 1153 954 pont
1178 912 1284 945 carnis
1310 915 1440 944 nostrae
1459 911 1544 944 exci-

1315 961 1403 993 dium

1001 1009 1056 1042 Me
1090 1010 1123 1041 in
1149 1008 1258 1050 Stygis
1292 1011 1415 1049 mergat
1449 1017 1542 1042 vora-

1313 1057 1429 1098 ginem.

1002 1102 1217 1139 Rosulentum
1244 1106 1367 1138 vultum
1393 1107 1471 1137 tuno
1495 1103 1543 1136 fa—

1312 1153 1399 1186 mulo

1000 1201 1069 1234 Tuo
1082 1201 1205 1242 praebe
1216 1202 1384 1234 consolans
1395 1200 1544 1234 timidum

999 1250 1048 1282 Ac
1076 1248 1217 1283 defende
1242 1258 1293 1281 me
1318 1259 1338 1283 a
1363 1249 1520 1289 periculo,

1001 1298 1069 1338 Quo
1106 1298 1258 1331 tentabor
1295 1307 1357 1338 per
1394 1296 1544 1331 fraudem

1314 1347 1514 1379 daemonum.

999 1392 1158 1429 Dextram
1190 1394 1271 1427 mihi
1305 1395 1446 1427 extende
1470 1395 1543 1427 lan-

1312 1443 1416 1484 guido,

1002 1491 1080 1525 Cum
1116 1491 1256 1524 carnalis
1288 1496 1416 1532 premet
1453 1489 1542 1524 infir-

1311 1541 1418 1577 unitas,

998 1589 1095 1622 Hosti
1121 1597 1247 1630 quoque
1270 1590 1387 1621 resiste
1404 1587 1542 1629 perfido,

997 1637 1080 1678 Ejus
1105 1646 1126 1670 a
1150 1647 1202 1670 me
1227 1638 1353 1679 pellens
1369 1637 1542 1669 versutias.

998 1683 1247 1727 Imprudentem
1281 1696 1332 1718 me
1355 1694 1416 1727 per
1441 1685 1541 1718 auda-

1314 1736 1396 1767 ciam

997 1784 1064 1817 Per
1088 1784 1307 1816 humilitatem
1332 1791 1500 1823 recupera,

998 1832 1042 1865 Et
1069 1833 1226 1865 larvalem
1252 1831 1346 1865 aufer
1370 1831 1530 1864 invidiam

996 1882 1106 1922 Atque
1149 1883 1285 1922 cuncta,
1330 1889 1413 1923 quae
1454 1881 1541 1922 gessi

1311 1929 1445 1963 scelera.

998 1975 1191 2013 Evolantem
1216 1989 1235 2011 a
1262 1979 1370 2012 carnis
1397 1987 1528 2011 carcere

996 2028 1051 2061 Ad
1079 2036 1221 2068 superna
1246 2037 1350 2060 meam
1387 2027 1450 2060 due
1475 2027 1544 2060 ani-

1310 2086 1405 2110 marn.

996 2125 1078 2166 Quia
1104 2126 1193 2159 scala
1216 2125 1318 2159 Jacob
1346 2125 1543 2166 describere,

998 2176 1085 2215 Quae
1112 2175 1282 2208 eredentes
1311 2174 1402 2208 ducis
1425 2175 1468 2208 ad
1486 2183 1544 2216 pa-

1308 2225 1415 2257 triam.

997 2270 1050 2307 Tu
1069 2282 1113 2314 es,
1131 2273 1234 2315 virgo,
1261 2281 1380 2306 aurora
1395 2273 1545 2316 rutilans,

994 2322 1155 2356 Veritatis
1181 2332 1245 2364 qua
1269 2322 1353 2355 luxit
1379 2321 1506 2364 lucifer,

995 2372 1065 2405 Tua
1091 2380 1189 2413 prece
1210 2372 1254 2405 sis
1275 2380 1327 2404 me
1345 2371 1543 2413 illuminans,

995 2421 1046 2454 Ne
1072 2430 1124 2455 me
1145 2421 1255 2454 turbet
1272 2423 1451 2462 temptator
1470 2430 1544 2464 pes-

1308 2470 1397 2504 tifer.
