1656 2674
176 192 233 225 50.

176 542 234 576 51.

179 893 235 925 52.

174 1236 232 1269 53.

172 1581 230 1614 54,

169 1927 224 1959 55.

165 2274 220 2306 56.

729 91 964 128 ,67-

258 188 365 235 Rogo,
391 194 507 236 mater,
534 192 750 232 plorabundis

309 243 433 274 Aurem
459 240 583 281 praebe
609 241 754 282 vocibus,

261 291 364 331 Opem
390 300 411 323 a
435 294 469 322 te
494 290 535 322 de
557 289 729 330 profundis

309 339 433 372 Misere
457 338 680 379 precantibus,

260 389 325 421 Per
349 391 383 420 te
408 387 588 429 gratiarum
611 387 709 420 undis

309 436 533 469 Absolvantur
560 436 654 467 citius

358 485 468 518 Poena
493 485 693 525 purgatoria.

260 539 334 577 Illis
358 543 408 575 ita
430 541 580 575 liberatis

308 591 354 624 Et
378 590 492 624 solutis
521 590 639 622 debitis

260 640 311 672 Ac
336 640 481 680 ipsorum
506 639 667 679 reparatis

309 688 409 720 Bonis
437 687 532 728 culpa
556 687 706 727 perditis,

259 736 320 768 His
347 735 419 769 fons
445 744 590 767 summae
614 735 747 776 pietatis

309 784 374 817 Det
398 793 459 826 pro
484 784 549 816 tuis
575 784 700 816 meritis

358 833 552 866 Sanctorum
579 832 752 866 consortia.

263 888 453 926 Belluinam
476 890 674 931 pravitatem

309 939 486 973 Infernalis
511 938 636 971 bestiae

259 989 363 1021 Tuam
385 997 445 1029 per
470 987 703 1029 benignitatem

309 1038 434 1080 Preme,
462 1039 567 1068 mater
592 1036 726 1079 gratiae,

260 1085 312 1117 Ne
338 1086 448 1118 trahat
472 1084 516 1116 ad
543 1083 717 1116 falsitatem

306 1133 411 1166 Filios
438 1132 596 1165 ecclesiae

356 1181 422 1215 Sua
447 1189 518 1213 cum
543 1179 684 1213 fallacia.

259 1232 359 1269 Ualla
382 1235 469 1267 vallo
495 1234 734 1275 scripturarum

313 1284 443 1316 Mentes
468 1284 502 1313 te
528 1282 711 1322 colentium,

261 1332 312 1364 Ne
337 1332 372 1364 in
398 1330 669 1364 conscientiarum

306 1380 429 1413 Domos
455 1379 557 1411 intret
581 1378 707 1419 vitium,

258 1429 327 1468 Quo
355 1430 513 1470 cogantur
535 1427 745 1460 tenebrarum

305 1478 436 1511 Intrare
465 1474 638 1508 confinium

356 1524 471 1559 Carnis
496 1527 571 1565 post
597 1524 739 1559 excidia.

257 1576 372 1614 Sectas
400 1587 475 1620 ergo
502 1576 555 1610 fac
579 1587 638 1610 nos
664 1586 765 1619 gnare

297 1628 530 1661 Perversorum
559 1627 745 1667 dogmatum

257 1676 392 1717 Semper
417 1684 527 1709 omnes
556 1675 730 1719 declinare,

304 1725 356 1757 Ne
381 1734 440 1757 nos
466 1732 525 1764 per
547 1723 728 1756 indebitum

255 1773 391 1806 Sensum
417 1774 537 1815 queant
560 1772 720 1805 inclinare

303 1821 422 1855 Mortis
449 1820 491 1853 ad
514 1820 683 1852 interitum

353 1872 418 1905 Sua
444 1867 484 1901 ex
510 1869 639 1902 astutia.

253 1922 444 1960 Ediderunt
466 1932 541 1955 nam
567 1923 691 1957 inculta

304 1973 477 2007 Cerinthus
504 1975 536 2004 et
560 1972 677 2012 Ebion,

254 2022 377 2062 Quibus
404 2021 605 2055 addiderunt
628 2021 731 2053 multa

302 2072 403 2104 Arius
429 2072 462 2103 et
483 2069 644 2110 Marcion,

252 2120 394 2160 Quorum
418 2118 598 2160 reprobare
623 2118 724 2150 stulta

298 2169 368 2203 Fac
389 2178 458 2208 nos,
484 2177 502 2200 o
527 2168 712 2206 theotocon,

347 2218 445 2252 Fidei
470 2217 617 2249 scientia.

250 2269 366 2306 Talem
388 2280 465 2304 vero
492 2269 590 2303 fidem
617 2273 759 2311 praesta,

299 2319 418 2354 Fidem
442 2321 576 2361 inquam
603 2318 775 2362 fervidam,

250 2370 320 2411 Qua
345 2370 484 2403 vitemus
509 2369 683 2402 inhonesta

298 2420 342 2453 Et
371 2419 553 2453 doctrinam
579 2417 750 2460 perfidam,

880 353 935 385 57.

878 705 934 739 58.

878 1059 933 1092 59.

875 1415 930 1444 (10.

875 1765 930 1799 61.

873 2122 928 2155 62.

965 193 1016 225 Ac
1040 193 1082 225 ad
1108 191 1191 225 coeli
1216 192 1314 225 ducat
1339 191 1425 225 festa

1010 240 1080 273 Nos
1107 243 1139 273 et
1163 241 1270 274 aulam
1295 239 1457 282 floridam,

1061 289 1150 329 Quae
1175 292 1264 321 caret
1288 289 1448 323 molestia.

963 348 1065 395 Bona,
1095 352 1185 393 cujus
1211 360 1301 383 mens
1326 351 1473 392 perfecte

1011 400 1085 433 Non
1109 402 1218 441 potest
1239 401 1419 442 percipere,

962 448 1077 490 Neque
1101 449 1212 490 lingua
1238 449 1471 490 circumspecte

1012 498 1097 530 Aliis
1125 497 1317 540 exprimere,

964 546 1054 585 Quae
1081 545 1233 587 dignatur
1259 546 1348 587 genti
1373 549 1482 578 rectae

1011 594 1099 627 Deus
1125 594 1307 627 retribuere

1058 642 1110 675 Ex
1136 642 1373 675 benevolentia.

963 702 1052 739 Ecce
1075 705 1156 738 illud
1183 713 1295 737 verum
1322 706 1406 737 scias

1010 753 1056 786 Et
1080 752 1309 796 infallibiliter,

962 802 1043 843 Hoc,
1071 802 1157 843 quod
1183 801 1297 834 scribit
1322 802 1438 842 Isaias,

1008 850 1147 891 Relegas
1173 850 1344 891 sagaciter,

962 898 1023 938 Qui
1048 907 1109 939 per
1133 908 1208 931 suas
1232 898 1424 939 prophetias

1009 947 1082 979 Hoc
1107 947 1222 988 pandit
1247 946 1410 979 veraciter

1058 995 1121 1028 Dei
1146 995 1361 1028 conniventia.

961 1055 1056 1092 Nunc
1080 1060 1124 1101 te,
1152 1057 1252 1098 virgo,
1282 1057 1496 1098 deprecanter

997 1106 1171 1146 Tristeque
1196 1106 1392 1149 accedimus,

949 1155 1010 1194 Qui
1035 1162 1209 1195 gravamur
1232 1154 1436 1187 incessanter

1008 1201 1148 1235 Perfidis
1175 1201 1215 1233 ab
1242 1202 1401 1245 hostibus,

946 1251 993 1284 Ut
1019 1260 1078 1283 nos
1106 1253 1192 1283 tutes
1217 1251 1413 1283 miseranter

1007 1298 1060 1331 Ab
1087 1300 1230 1339 ipsorum
1257 1297 1427 1331 fraudibus

1055 1347 1101 1380 Et,
1125 1347 1364 1381 malevolentia.

959 1407 1150 1444 Eorundem
1174 1418 1258 1449 paca
1282 1414 1407 1442 mentes

1005 1459 1151 1500 Abigens
1178 1458 1345 1502 invidiam,

958 1511 1027 1547 Qua
1051 1508 1223 1547 insurgunt
1246 1507 1423 1540 insolentes

1006 1555 1070 1588 Dei
1095 1556 1129 1588 in
1156 1556 1327 1588 eeclesiam

959 1605 1010 1637 Ac
1035 1608 1072 1636 ut
1095 1604 1166 1645 lupi
1187 1604 1350 1636 irruentes

1007 1652 1105 1686 Suam
1130 1661 1192 1694 per
1213 1651 1370 1685 ferociam

1057 1701 1178 1734 Christi
1203 1701 1238 1733 in
1264 1702 1372 1734 ovilia.

957 1762 1059 1798 Dolus
1085 1764 1188 1797 hostis
1214 1764 1388 1804 probitatis

1005 1814 1046 1846 In
1071 1812 1191 1846 mundo
1217 1813 1411 1857 praevaluit,

956 1862 1066 1902 Atque
1093 1862 1191 1894 decus
1218 1860 1397 1894 honestatis

1005 1910 1186 1944 Plurimum
1209 1910 1277 1950 jam
1300 1911 1417 1952 tepuit,

958 1959 1042 1992 Nam
1069 1963 1177 1992 rector
1204 1960 1440 1992 communitatis

1007 2008 1098 2041 Mala
1123 2017 1186 2040 non
1213 2008 1353 2040 inhibuit

1056 2057 1121 2090 Sua
1148 2065 1188 2090 ex
1212 2057 1354 2098 ignavia.

957 2118 1030 2156 Illis
1054 2121 1159 2161 malis,
1186 2123 1290 2152 mater
1316 2121 1381 2165 pia,

1005 2170 1150 2203 Petimus
1177 2169 1354 2209 humiliter,

957 2218 1043 2252 Nato
1069 2222 1124 2252 tuo
1152 2227 1223 2250 cum
1249 2217 1372 2252 Messia

1006 2268 1148 2301 Occurre
1173 2267 1339 2309 velociter,

957 2317 1009 2350 Ne
1034 2318 1087 2351 vel
1110 2318 1216 2358 justos
1242 2320 1334 2349 recta
1356 2317 1408 2351 via

1006 2366 1182 2400 Curi-entes
1209 2367 1366 2399 atrociter

1056 2415 1255 2449 Pertrahant
1281 2416 1323 2449 ad
1348 2416 1447 2450 invia.

1294 2472 1337 2503 5*
