1656 2674
701 72 967 109 —194-

173 331 229 366 11.
258 330 355 369 Quem
383 327 535 360 dilectum
560 324 661 358 filium

302 378 377 418 plus
403 383 498 416 quam
523 377 555 406 te
581 373 722 414 amabas,

252 425 350 459 Unde
376 424 474 456 eorde
498 422 633 455 nimium

301 472 389 505 tristi
413 471 489 504 huic
514 470 680 511 adstabas,

255 523 363 562 Ipsius
389 520 584 561 supplicium

303 569 431 610 quando
457 566 653 607 ruminabas,

252 618 340 651 Loco
366 617 415 648 sui
443 617 585 649 crucium

297 665 366 707 pati
387 664 571 697 affectabas.

169 755 224 788 12.
253 754 353 794 Quem
377 755 434 784 tua
460 751 638 792 compassio

300 801 438 834 multum
463 800 677 840 contristavit,

256 850 334 884 Cum
358 849 393 881 in
415 851 506 881 tanto
532 848 640 881 crucio

302 904 336 932 te
362 897 589 937 consideravit,

257 947 355 980 Unde
379 948 412 977 te
437 946 595 978 avunculo

303 1003 359 1028 suo
387 994 632 1035 commendavit,

251 1044 434 1083 Antequam
459 1051 478 1075 a
504 1042 632 1075 saeculo

300 1093 363 1124 isto
388 1090 642 1131 transmigravit.

170 1181 227 1214 13.
253 1178 352 1218 Cujus
377 1186 451 1210 oum
473 1177 626 1217 apparuit

305 1226 420 1259 vulnus
445 1226 592 1266 laterale,

255 1275 368 1308 Lictor
393 1273 479 1315 quod
505 1273 665 1317 apperuit,

309 1324 429 1356 dictum
453 1322 646 1363 prophetale

256 1372 411 1414 lmplens,
439 1380 495 1403 cor
521 1371 712 1403 contremuit

301 1423 392 1452 tuum
413 1419 603 1458 maternale,

254 1469 301 1502 Et
325 1467 473 1501 fortassis
499 1467 621 1500 corruit

303 1525 419 1556 corpus
444 1516 613 1556 virginale.

174 1606 230 1639 14.
256 1605 317 1645 Qui
344 1611 437 1635 cruce
464 1601 597 1644 diriguit

303 1652 449 1693 pendens
473 1652 678 1692 miseranter,

255 1702 364 1734 Morte
389 1704 526 1733 mortem
553 1700 654 1733 diruit

302 1749 440 1782 hominis
467 1751 664 1790 constanter,

255 1799 365 1832 Vitam
389 1798 438 1829 sio
461 1797 606 1830 restituit

305 1847 371 1879 suis
396 1846 611 1886 abundanter,

256 1896 296 1928 In
321 1896 446 1928 hostem
469 1895 654 1936 praevaluit

304 1945 450 1977 nostrum
475 1944 710 1985 principanter.

176 2032 230 2066 15.
259 2031 357 2071 Cujus
380 2031 415 2063 in
441 2031 579 2063 eeclesia

309 2089 388 2112 crux
412 2088 499 2112 nunc
524 2080 690 2125 adoratur,

259 2129 342 2162 Olim
366 2128 401 2160 in
427 2128 580 2162 Calvaria

305 2185 388 2217 quae
412 2177 627 2213 statuebatur,

257 2226 342 2258 Nam
367 2224 448 2257 haee
468 2226 646 2266 ignominia

306 2283 424 2314 magna
444 2274 632 2317 putabatur,

259 2322 324 2355 Sed
350 2323 412 2355 hac
438 2322 519 2355 coeli
543 2323 649 2364 gloria

306 2371 400 2404 nobis
425 2370 613 2411 parabatur.

808 228 855 262 ΙΙ.

869 324 924 358 16,
954 321 1051 362 Oujus
1079 330 1205 354 crucem
1233 321 1403 354 credulum

1002 370 1096 402 decet
1119 370 1291 410 honorare,

954 418 1052 459 Cujus
1078 419 1112 452 vi
1139 418 1304 451 diabolum

998 469 1108 508 potest
1129 476 1295 508 superare,

953 515 1018 549 Sed
1045 520 1078 548 et
1102 525 1197 548 omne
1221 515 1412 549 scandalum

1001 563 1098 597 facile
1121 565 1237 605 vitare,

954 612 1033 646 Cum
1053 614 1151 654 justis
1175 614 1210 646 in
1236 612 1402 646 saeculum

997 663 1032 694 in
1058 662 1147 696 coelo
1170 671 1318 704 regnare.

869 748 926 783 17.
954 747 1053 789 Cujus
1080 758 1176 782 eruce
1200 750 1368 790 spernitur

1003 796 1094 831 fraus
1120 798 1373 838 daemoniorum,

955 844 1148 879 Sanctorum
1173 845 1320 880 reficitur

1001 904 1075 927 rues
1101 896 1301 938 angelorum,

953 943 1088 985 Ipsique
1114 944 1320 984 conjungitur

1003 996 1112 1025 coetus
1136 992 1347 1033 beandorum,

952 1040 1095 1080 Quorum
1119 1041 1174 1073 hic
1198 1038 1369 1081 perfihitur

1002 1092 1106 1122 status
1133 1090 1324 1123 animorum.

869 1175 926 1209 18.
953 1175 1015 1215 Qui
1038 1176 1101 1209 hoe
1126 1178 1216 1210 ornei
1241 1178 1380 1211 eontulit

1004 1233 1082 1257 suae
1107 1225 1196 1266 gigas
1223 1224 1329 1265 fortis,

956 1272 1016 1311 Qui
1040 1283 1101 1314 per
1125 1282 1195 1306 eam
1221 1274 1359 1308 abstulit

1004 1321 1096 1355 dirae
1121 1326 1233 1363 portas
1258 1324 1386 1365 mortis,

953 1370 1045 1411 Quod
1072 1370 1191 1403 electos
1217 1371 1330 1405 intulit

1001 1419 1151 1459 paradisi
1174 1421 1290 1462 portis,

955 1468 1040 1508 Quos
1066 1468 1107 1501 ab
1134 1472 1267 1502 aeterno
1291 1470 1450 1510 praesciit

1000 1514 1072 1549 fore
1097 1526 1174 1549 suae
1199 1518 1309 1553 sortis.

870 1602 927 1636 19.
954 1603 1015 1643 Qui
1040 1614 1098 1637 nos
1126 1605 1230 1638 crucis
1252 1614 1398 1646 munere,

1003 1654 1143 1692 petimus
1167 1653 1336 1695 audenter,

954 1700 1111 1734 Dolentes
1136 1711 1197 1742 pro
1223 1703 1349 1736 scelere

1003 1750 1152 1783 absolvat
1179 1752 1365 1792 clementer,

955 1798 1004 1833 Ut
1026 1800 1062 1832 in
1087 1809 1146 1832 suo
1172 1808 1272 1841 opere

1002 1848 1167 1881 adstemus
1192 1849 1385 1893 gaudenter,

953 1895 1010 1929 Nil
1036 1900 1167 1938 agentes
1194 1902 1317 1931 temere

1004 1945 1073 1979 sive
1098 1947 1312 1988 negligenter.

871 2032 928 2065 20.
956 2032 1017 2073 Qui·
1040 2033 1076 2066 in
1101 2037 1195 2067 sexta
1219 2033 1315 2077 feria,

1005 2086 1178 2125 postquam
1205 2085 1396 2126 exspiravit,

956 2129 1079 2171 Magna
1104 2140 1177 2164 cum
1202 2134 1350 2174 potentia

1006 2178 1172 2213 infernum
1196 2182 1344 2223 intravit,

959 2227 1040 2261 Gum
1065 2229 1292 2262 benevolentia

1005 2280 1117 2316 patres
1142 2278 1299 2310 salutavit

958 2323 1003 2356 Et
1028 2334 1145 2367 magna
1169 2335 1230 2366 per
1253 2328 1375 2367 gaudia

1006 2373 1064 2405 hos
1089 2374 1291 2408 laetificavit.
