1656 2674
690 71 932 110 -97-,

618 230 824 271 Quarta
872 239 1004 272 pars.

687 317 739 346 Ad
759 317 930 347 Tertiam.

146 465 203 500 91.
229 464 312 506 Ave,
337 466 438 506 plena
461 465 576 506 gratia,

279 516 360 554 Ave,
385 518 489 547 mater
512 514 587 555 Dei,

228 562 487 596 Honorificentia

278 611 397 651 Populi
421 611 578 652 Hebraei,

231 660 318 692 Vere
344 662 379 691 tu
403 660 531 692 laetitia

281 708 417 748 Semper
444 709 552 740 cordis
578 708 653 749 mei,

231 756 359 796 Nempe
385 755 543 789 beneficia

279 805 390 837 Multa
413 808 562 845 praestas
589 806 628 838 ei.

149 864 204 898 92.
232 864 316 904 Ave,
343 864 435 904 virgo
462 864 566 905 gloria

279 912 514 953 Israelitarum,

231 960 382 993 Exornat
404 962 561 1001 prosapia

283 1010 386 1050 Quam
410 1009 684 1050 patriarcharum,

235 1056 340 1090 Effert
366 1057 530 1098 sapientia

283 1105 375 1138 Mira
398 1106 644 1147 prophetarum,

234 1154 396 1187 Montium
421 1153 585 1187 industria

284 1202 416 1235 Laudet
442 1203 642 1236 devotarum.

151 1261 209 1296 93.
235 1261 318 1303 Ave,
345 1264 443 1301 porta
466 1260 611 1302 principi

284 1311 405 1343 Patens
431 1309 600 1349 aeternali,

238 1356 319 1392 Cum
343 1357 476 1391 volebat
502 1357 629 1398 concipi

287 1407 433 1447 Corpore
456 1406 598 1447 mortali,

236 1455 301 1489 Per
326 1458 359 1487 te
383 1464 502 1496 precor
528 1454 612 1494 eripi

283 1504 315 1536 A
341 1504 436 1545 culpa
462 1503 632 1547 criminali,

236 1552 287 1585 Ne
310 1555 385 1594 post
410 1554 549 1585 mortem
573 1551 694 1592 aucupi

287 1602 417 1634 Tradat
444 1600 609 1635 infernali.

153 1660 209 1694 94.
236 1661 319 1699 Ave,
347 1668 430 1700 quae
455 1660 496 1693 ab
522 1659 636 1701 angelo

286 1707 373 1742 Olim
397 1708 541 1741 salutata

237 1757 356 1796 Fuisti,
383 1757 548 1798 spiraculo

285 1805 372 1838 Divo
397 1807 633 1847 impraegnata,

240 1854 349 1888 Corda
372 1854 454 1887 mihi
478 1854 607 1888 vinculo

288 1904 419 1936 Amoris
446 1903 581 1944 alligata

238 1952 292 1986 Ab
319 1953 406 1986 omni
430 1952 577 1993 periculo

285 2002 482 2035 Praeserves
507 2001 612 2034 beata.

155 2062 211 2096 95.
238 2062 324 2102 Ave,
350 2062 448 2101 porta
471 2060 561 2092 invia

290 2109 422 2143 Cunctis
449 2110 581 2141 exstans
606 2107 696 2149 viriS,

238 2159 327 2200 Quae
353 2158 465 2192 divina
490 2156 597 2198 gratia

285 2207 332 2241 Ut
357 2216 436 2242 auro
462 2206 604 2247 vestiris,

239 2256 375 2298 Quando
403 2255 525 2290 Christi
549 2255 667 2297 pervia

284 2306 356 2348 Ipsi
382 2305 530 2347 elargiris

236 2356 289 2390 Ex
315 2358 372 2389 tua
396 2354 580 2389 substantia

285 2405 412 2446 Corpus
437 2404 544 2438 modis
568 2404 672 2437 miris.

209 2468 338 2496 Dreves.
357 2466 488 2491 Udalrieus
504 2465 715 2491 Wesqofonmnus.

799 398 826 432 Ι.

849 466 905 500 96.
932 466 1015 505 Ave,
1043 475 1126 507 quae
1152 466 1344 499 coelestibus

981 513 1142 547 Gaudium
1167 513 1286 555 fecisti,

933 562 1094 595 Gaudium
1119 563 1329 595 terrestribus

981 611 1112 652 Quoque
1134 611 1339 652 praestitisti,

932 659 1013 693 Cum
1040 661 1137 692 castis
1162 660 1342 692 visceribus

981 708 1146 742 Christum
1173 708 1359 750 concepisti,

932 756 975 788 Et
1004 756 1148 789 decursis
1173 756 1338 789 mensibus

982 804 1109 838 Novem
1134 805 1303 846 peperisti.

831 864 906 897 ·97.
934 862 1019 903 Ave,
1043 864 1134 904 virgo
1161 862 1326 895 hominum

982 911 1110 952 Deique
1136 911 1309 952 receptrix,

935 959 1066 992 Christo
1094 960 1174 992 dans
1199 959 1387 1002 hospitium,

982 1008 1166 1048 Pauperum
1192 1008 1385 1049 susceptrix,

935 1056 999 1089 Per
1027 1056 1179 1088 dilectum
1205 1055 1318 1097 filium,

985 1105 1087 1145 Rogo,
1112 1106 1158 1136 mi
1184 1104 1347 1145 dilectrix,

936 1153 991 1186 Ad
1019 1152 1100 1184 coeli
1125 1152 1284 1193 palatium

984 1200 1061 1233 Mea
1086 1201 1131 1233 sis
1159 1200 1324 1233 directrix.

854 1260 911 1293 98.
938 1260 1021 1298 Ave,
1047 1268 1105 1292 vas
1133 1259 1333 1301 clementiae,

985 1309 1058 1340 Are
1083 1310 1187 1339 mater
1212 1307 1306 1348 roris,

940 1356 1045 1390 Plena
1069 1356 1251 1396 sapientiae

985 1405 1112 1445 Deique
1137 1405 1267 1445 amoris,

938 1452 1080 1486 Auferas
1104 1452 1250 1485 malitiae

987 1501 1086 1534 Virus
1113 1504 1146 1533 et
1166 1500 1291 1540 livoris,

938 1549 1044 1583 Verae
1070 1549 1232 1583 amicitiae

988 1598 1057 1631 Nos
1084 1599 1307 1640 constringens,
1333 1598 1423 1632 loris.

856 1657 913 1692 99.
938 1657 1021 1695 Ave,
1051 1657 1132 1689 coeli
1159 1657 1268 1689 curiae

987 1707 1190 1746 Praepotens
1215 1705 1339 1747 regina,

942 1753 1011 1794 Qua
1036 1756 1167 1787 nostrae
1191 1754 1342 1786 miseriae

989 1803 1090 1836 Venit
1113 1802 1285 1843 medicina,

942 1851 1112 1885 Sauciatos
1138 1850 1230 1884 rabie

990 1900 1077 1933 Sana
1101 1900 1299 1943 serpentina,

941 1948 1114 1982 Ululantes
1140 1949 1237 1981 anxie

989 1998 1027 2031 In
1054 1997 1164 2039 Stygis
1191 1996 1332 2030 officina.

857 2057 938 2091 100.
964 2056 1046 2096 Ave,
1076 2056 1169 2089 donis
1195 2056 1330 2097 spiritus

1017 2104 1195 2146 Gratiaque
1216 2106 1324 2147 plena,

966 2155 1068 2194 Quam
1093 2154 1199 2186 saluto
1225 2155 1360 2195 gnavius

1015 2202 1068 2237 En
1093 2203 1165 2236 vice
1192 2205 1339 2245 centena,

967 2252 1060 2285 Intus
1087 2254 1120 2285 et
1145 2253 1298 2294 exterius,

1016 2301 1152 2343 Quaeso,
1178 2310 1231 2334 me
1256 2310 1382 2344 serena,

964 2350 1153 2384 Perducens
1175 2351 1337 2393 posterius

1015 2400 1070 2434 Ad
1095 2400 1184 2435 vitae
1209 2409 1354 2435 amoena.

1308 2459 1326 2488 7
