1656 2674
735 83 975 119 —37—

295 182 361 216 sed
385 183 465 217 mihi
490 184 626 225 largiter
887 192 967 226 180.
994 191 1076 231 Ejus
1101 190 1245 232 vestigiis

343 241 474 265 suorum
499 241 666 265 munffl'ssm
1042 247 1171 280 semper
1194 240 1373 277 inhaereaS,

294 280 363 313 Dat
389 281 632 322 abUssdantlssnl,
996 287 1084 328 Quae
1109 297 1128 320 a
1152 293 1185 320 te
1210 287 1337 328 pepuht

345 330 416 371 qulS
441 331 512 364 VlssS
538 330 696 362 Scelerum
1044 345 1145 378 penas
1171 336 1373 377 sulphureas,

298 378 463 411 Declinem
492 379 615 411 cautius
996 386 1081 425 Quas
1106 385 1169 418 tuis
1198 385 1285 417 vjffis

343 427 411 467 jam
438 431 470 461 et
493 428 528 459 in
552 429 727 467 posterum.
1045 434 1121 466 ofim
1146 442 1322 472 mel-ueras,

190 496 270 529 177.
297 494 385 527 Hinc
408 503 474 527 non
499 494 660 526 immerito
996 482 1141 523 providit
1164 483 1297 522 insuper

343 543 432 583 justo
458 541 659 584 frequentius
1046 531 1140 563 sedes
1166 531 1343 563 aethereas.

295 591 418 624 Mentis
445 592 611 624 conamine
888 590 969 623 181.
996 589 1106 629 Ipsius
1130 588 1229 630 igitur

344 639 448 680 ipsius
473 639 625 672 laudibus
1046 638 1101 670 det
1124 637 1204 669 mihi
1228 635 1379 668 meritum

297 688 415 720 Nitens
439 697 492 720 me
514 688 651 728 jungere
996 686 1027 719 E
1054 685 1159 718 carnis
1185 693 1314 718 carcere

352 735 473 768 Christi
497 735 661 775 fidelibus,
1046 733 1174 766 felicem
1206 734 1336 772 exitum,

299 785 361 824 Qui
385 784 471 816 hanc
496 793 567 816 cum
590 783 694 824 jubilo
997 783 1043 817 Ut
1070 783 1138 823 ejus
1163 781 1277 824 filium,

345 832 489 865 salutant
515 833 671 866 crebrius.
1044 834 1182 872 patrem,
1208 829 1413 871 paraclitum,

999 880 1079 914 Cum
1102 879 1176 920 ipsa
1196 879 1319 920 jugiter

189 901 269 935 178.
296 900 390 944 Nam,
421 900 518 932 crede
544 900 673 939 certius,
1043 928 1174 961 laudem
1198 928 1233 959 in
1258 926 1418 958 saeculum

347 958 365 981 o
390 949 473 981 coeli
493 949 607 991 lilium,

299 997 335 1030 Si
357 997 420 1030 Dei
445 998 554 1030 aderit,
891 987 970 1020 182.
999 985 1193 1019 Commendo
1218 984 1369 1026 paginam

344 1045 426 1077 mihi
451 1046 617 1087 aulejum,
1048 1034 1132 1066 hanc
1156 1032 1355 1075 sapientibus

298 1093 455 1126 Laudabo
480 1094 640 1134 virginem
998 1082 1191 1116 Lifflassdam
1216 1081 1352 1134 Virginsss

348 1143 480 1182 ejusque
503 1143 617 1181 finum,
1047 1130 1086 1163 ob
1113 1132 1242 1163 laudem
1268 1132 1385 1170 aptius,

297 1190 411 1223 Donec
436 1191 620 1231 relinquero
1000 1179 1122 1218 Quibus
1147 1184 1179 1212 et
1204 1179 1340 1220 gloriam

346 1239 416 1279 ejus
435 1239 595 1272 exsilium,
1047 1228 1188 1260 auctoris
1213 1227 1334 1259 rectius

998 1276 1224 1309 Praebendam
1249 1282 1358 1307 assero

267 1324 491 1363 Capitulum
511 1325 750 1353 undecimum.
1048 1333 1119 1356 cum
1145 1325 1227 1357 coefi
1252 1322 1386 1356 civibus,

188 1387 270 1420 179-
296 1384 362 1424 Eja
385 1384 422 1416 id
445 1387 576 1418 strenue
891 1382 970 1417 183.
998 1383 1084 1415 Nam
1108 1386 1235 1423 tempus
1259 1381 1425 1421 properat,

346 1441 415 1477 age,
443 1443 461 1466 o
487 1432 670 1476 presbyter,
1046 1432 1081 1463 in
1106 1440 1167 1472 quo
1196 1431 1236 1464 de
1261 1428 1366 1461 medio

296 1481 381 1514 Nam
406 1481 498 1523 virgo
524 1481 631 1513 veniet
999 1480 1113 1513 Tollar
1139 1483 1170 1512 et
1196 1488 1276 1520 opus
1302 1479 1352 1509 est

346 1530 390 1562 acl
415 1533 448 1562 te
473 1530 628 1562 velociter
1048 1529 1097 1560 uti
1122 1528 1265 1561 remedio

296 1579 348 1611 Ac
372 1581 406 1612 te
431 1579 474 1611 ad
500 1579 634 1611 aethera
999 1577 1057 1610 Me
1077 1576 1309 1618 poenitudinis,

348 1627 444 1660 ducet
470 1626 622 1666 feliciter,
1049 1635 1113 1666 qua
1135 1634 1256 1667 purger
1280 1625 1369 1665 vitio,

298 1675 374 1718 Ubi,
403 1677 490 1716 quod
518 1676 658 1715 dixeras,
999 1674 1045 1708 Ut
1070 1683 1134 1706 non
1158 1675 1311 1715 indignus
1337 1673 1398 1705 sim

347 1733 423 1766 ages
447 1727 646 1765 perenniter.
1049 1723 1131 1755 coeli
1157 1722 1305 1757 confinio.

268 1791 339 1820 cod.
367 1789 397 1818 S.
418 1790 502 1819 Petri
522 1790 743 1827 Salisburgens.
768 1790 796 1818 b.
817 1791 858 1819 11.
884 1788 910 1819 3.
938 1799 1015 1819 saec.
1039 1788 1083 1818 15.
1104 1789 1155 1818 fol.
1177 1788 1233 1818 299
1254 1789 1290 1818 A.
1310 1803 1350 1808 —
1371 1789 1452 1818 Orat.
1473 1798 1531 1818 ms.

187 1832 371 1868 Tegurinum
387 1833 459 1858 anni
473 1829 559 1858 1467.
576 1829 648 1857 Clm.
658 1830 775 1857 Monac.
790 1828 826 1858 19
836 1828 890 1858 991
906 1830 957 1858 fol.
968 1827 1026 1858 240
1040 1830 1070 1858 b.
1086 1829 1118 1857 B.
1132 1844 1172 1849 —
1186 1829 1267 1858 Orat.
1282 1837 1337 1856 ms.
1348 1829 1532 1865 Togurinum

187 1879 265 1899 saec.
287 1868 333 1897 15.
356 1868 429 1897 Clm.
444 1870 563 1898 Monac.
580 1867 616 1897 19
624 1866 681 1897 353
701 1869 752 1896 fol.
768 1867 823 1898 161
839 1878 865 1897 a.
883 1869 913 1897 G.
931 1885 970 1889 —-
991 1868 1072 1897 Orat.
1093 1876 1147 1895 ms.
1162 1869 1346 1905 Tegurinum
1361 1869 1433 1896 anni
1447 1866 1533 1897 1470.

189 1911 262 1938 Clm.
283 1909 401 1937 Monac.
422 1906 522 1938 20021
544 1909 595 1937 fol.
617 1906 674 1936 276
698 1917 724 1936 a.
746 1908 784 1936 D.

267 1949 397 1986 „Incipit
418 1948 557 1985 dialogus
577 1947 795 1984 pulcherrimus
817 1950 847 1976 et
866 1948 1092 1982 devotissimus,
1121 1948 1228 1983 plenus
1249 1955 1349 1975 amore
1371 1952 1401 1974 et
1419 1950 1533 1985 gaudio

188 1990 330 2025 omnique
359 1988 512 2021 spirituali
541 1986 759 2023 consolatione,
787 1988 1051 2025 generosissimae,
1072 1987 1307 2022 palchen-imae,
1329 1986 1531 2024 dulcissimae,

187 2027 440 2059 amabilissimae,
471 2027 759 2062 desideratissimae,
780 2027 992 2055 celeberrimae
1010 2027 1139 2062 virginis
1160 2027 1219 2055 Dei
1239 2027 1395 2062 genitricis
1414 2027 1533 2056 Mariae

187 2070 224 2096 et
254 2065 450 2102 cujusdam
476 2067 611 2095 beatae
637 2066 838 2094 memoriae
864 2066 1087 2102 presbyteri
1116 2064 1357 2100 cardinalis,
1388 2069 1530 2096 amatoris

184 2106 270 2135 illius
305 2105 566 2142 praeclarissimae
594 2108 624 2133 et
650 2104 880 2133 colendissimae
904 2102 1061 2142 virg-inis.¹‘
1088 2104 1179 2133 ΑΕΒ.
1208 2121 1246 2125 -
1275 2105 1403 2141 „Incipit
1431 2105 1531 2135 Centi-

183 2146 319 2174 nomium
340 2153 394 2172 seu
413 2144 696 2173 Denominatorium
714 2142 807 2172 B.V.“
829 2143 860 2172 C.

263 2183 290 2220 2,
314 2182 329 2213 1
353 2183 499 2219 Ejusdem
522 2184 556 2211 A.
578 2199 615 2203 —
638 2182 664 2218 6,
690 2181 704 2211 1
728 2185 875 2212 intuerem
893 2183 930 2211 A.
954 2198 991 2202 —
1014 2182 1039 2218 6,
1061 2181 1080 2211 3
1104 2185 1232 2212 accessit
1252 2191 1327 2211 anus
1349 2183 1384 2211 A.
1407 2199 1443 2202 —
1464 2183 1491 2219 7,
1513 2183 1532 2213 2

185 2226 316 2264 tegimen
333 2223 368 2252 A.
389 2240 428 2244 —
452 2223 495 2258 10,
517 2224 535 2251 5
556 2233 585 2251 u.
611 2221 628 2251 6
649 2222 750 2251 fehlen
770 2222 806 2251 A.
827 2238 866 2242 —
887 2220 933 2257 11,
957 2220 978 2261 1.
993 2222 1072 2251 Nam
1093 2222 1242 2251 decret-um
1262 2223 1297 2250 A.
1318 2238 1357 2242 —
1379 2220 1423 2258 13,
1445 2221 1463 2251 2
1483 2223 1532 2254 his

185 2264 322 2301 conjicio.
344 2279 384 2284 —
408 2261 453 2299 14,
471 2262 488 2291 7
511 2264 570 2297 Qui
591 2263 812 2300 preccaminum
832 2262 868 2290 A.
889 2277 927 2281 —
950 2260 994 2295 1²⁴,
1013 2260 1027 2290 1
1049 2263 1093 2291 Te
1111 2261 1183 2290 olim
1199 2262 1234 2290 A.
1249 2278 1286 2282 —
1303 2260 1348 2298 18,
1364 2262 1380 2290 7
1394 2262 1534 2300 justitiae

182 2306 217 2335 Α.
238 2320 278 2325 —
299 2300 346 2336 21,
369 2302 386 2331 5
411 2303 587 2340 parentibus
606 2302 683 2330 fehlt
700 2301 735 2329 Α.
756 2318 795 2323 —
816 2299 863 2337 27,
884 2301 904 2330 4
924 2301 1019 2336 Quem
1039 2301 1114 2330 fehlt
1133 2302 1168 2330 A.
1188 2318 1228 2323 —
1248 2300 1294 2337 27,
1311 2301 1328 2330 6
1348 2303 1530 2333 vertibilitas

182 2346 217 2374 B.
243 2360 284 2364 ——
312 2341 359 2378 37,
381 2341 399 2371 5
427 2342 477 2371 Ex
505 2351 631 2379 quarum
657 2342 693 2370 A.
722 2356 759 2360 —-
788 2339 835 2377 43,
859 2339 878 2370 8
904 2342 964 2369 mei
998 2341 1074 2370 fehlt
1093 2342 1127 2370 A.
1148 2357 1187 2362 ——
1207 2340 1253 2373 48,
1278 2344 1293 2370 5
1316 2351 1359 2379 sq.
1383 2342 1529 2372 Coelestis

183 2385 291 2421 sagina
310 2383 350 2418 A3
373 2382 511 2411 coelestis
532 2383 650 2419 gratiae
670 2382 779 2418 sagina
798 2382 833 2410 B.
854 2397 892 2401 —
913 2378 959 2417 56,
983 2381 998 2409 1
1020 2381 1146 2410 reddens
1166 2381 1317 2410 hominem
1332 2382 1368 2410 A.
1388 2398 1427 2402 —
1448 2381 1494 2420 61,
1513 2382 1528 2412 1

183 2434 214 2454 es
235 2425 339 2461 portus
359 2421 395 2450 A.
417 2438 455 2443 ——
477 2421 522 2457 67,
545 2420 560 2450 1
582 2421 698 2449 vallum
727 2423 772 2449 est
796 2423 826 2450 et
844 2421 879 2450 A.
900 2437 939 2441 —
961 2419 1006 2456 67,
1029 2420 1046 2448 7
1068 2422 1160 2457 igitur
1182 2421 1257 2449 fehlt
1275 2422 1313 2449 A.
1332 2438 1373 2442 —
1392 2421 1439 2458 70,
1461 2419 1479 2450 3
1499 2432 1529 2452 u.

180 2465 201 2496 4
220 2462 321 2492 fehlen
340 2462 375 2490 A.
397 2478 436 2482 ——
457 2460 503 2497 82,
525 2461 543 2491 5
566 2462 624 2490 Per
643 2461 738 2489 solitii
758 2460 795 2500 ᾼ,
816 2477 856 2481 -
876 2458 922 2498 85,
940 2458 958 2489 3
979 2460 1026 2489 Ne
1043 2469 1118 2498 opus
1134 2462 1282 2497 opprimat
1297 2463 1426 2499 primum
1439 2461 1474 2490 A.
1492 2478 1529 2483 -—
