1656 2674
126 258 182 292 31.

127 679 182 712 32.

125 1098 180 1130 33.

126 1518 182 1551 34.

123 1938 178 1970 35.

678 20 917 57 -34ffl

210 257 290 298 Ave,
318 256 397 291 Jesu
422 256 547 290 animae

263 307 360 341 Cibus
386 306 570 346 singularis.

210 353 267 393 Qui
294 363 354 395 pro
380 353 472 386 nobis
495 354 647 387 victimae

258 403 345 436 Loco
369 402 557 445 immolaris,

208 451 318 485 Motus
343 451 446 483 malos
472 450 624 491 reprime,

258 499 377 539 Quibus
402 499 555 540 irritaris,

207 547 298 581 Dans
322 551 355 578 te
383 547 479 588 digne
505 555 631 579 sumere

256 596 327 628 Ara
351 595 391 627 de
417 594 540 629 altaris,

210 677 291 718 Ave,
318 686 383 718 pax
409 678 595 714 amantium,

259 725 365 758 Corda
392 726 472 758 dans
498 734 624 758 serena.

209 774 247 808 In
273 774 392 807 mundo
413 774 565 807 solatium

257 822 409 863 Coelique
434 831 577 861 amoena„

208 870 312 903 Tuum
337 879 397 910 per
422 870 622 911 praesidium

257 918 403 952 Fortiter
428 917 558 951 refrena

207 967 335 1000 Mentes
362 967 617 1000 discordantium

256 1016 384 1048 Amoris
414 1019 537 1049 eatena.

208 1096 253 1129 Ax
262 1106 289 1130 e.
310 1097 387 1130 vitis
413 1097 547 1141 gratiae,

256 1145 387 1177 Temeto
414 1145 593 1186 abundans,

207 1193 310 1227 Filios
338 1192 494 1225 ecclesiae

256 1242 387 1274 Virtute
411 1241 583 1278 inundans,

195 1290 302 1322 Freno
325 1289 519 1322 tolerantiae

256 1338 343 1371 Tuos
369 1338 413 1370 sis
441 1337 654 1378 circumdans,

207 1386 331 1419 Auctor
355 1395 433 1427 quos
459 1384 611 1418 fallaciae

255 1435 406 1468 Tribulat
429 1435 634 1476 impugnans.

210 1516 290 1555 Ave,
319 1516 372 1558 qui
400 1516 594 1549 describeris

257 1564 320 1597 Dei
345 1564 497 1607 salutare,

208 1613 274 1653 Quo
302 1613 447 1646 decrevit
472 1613 610 1646 hominis

253 1661 356 1694 Morti
381 1661 524 1703 obviare,

209 1710 288 1745 Cum
313 1710 346 1742 in
372 1708 436 1742 fine
461 1711 589 1743 veneris

255 1758 373 1791 Orbem
395 1758 555 1800 judicare,

207 1806 292 1840 Jube
314 1815 373 1839 nos
399 1816 418 1839 a
445 1807 588 1841 dexteris

256 1856 334 1888 Tuis
356 1855 459 1888 laetos
485 1858 584 1890 stare.

205 1938 286 1977 Ave,
314 1947 332 1970 0
361 1937 531 1971 mitissime

252 1986 356 2030 Agne,
384 1989 533 2019 sternens
560 1986 681 2020 fortem

206 2034 334 2074 Lupum
360 2043 420 2074 per
445 2035 671 2069 sanctissimae

255 2082 370 2116 Carnis
395 2086 471 2117 tuae
495 2088 643 2124 mortem,

206 2130 358 2172 Prohibe,
383 2134 429 2166 mi
454 2132 605 2174 Domine,

256 2179 409 2221 Stygeam
437 2182 612 2223 cohortem,

205 2226 256 2260 Ne
282 2228 393 2261 trahat
416 2239 476 2272 pro
504 2230 639 2263 crimine

255 2276 323 2309 Nos
349 2277 392 2310 ad
417 2288 508 2313 suam
532 2281 663 2313 sortem.

767 168 826 202 IV.

826 257 881 290 36.

826 677 880 710 37.

824 1096 881 1131 38.

825 1519 880 1551 39.

909 256 991 295 Ave,
1019 264 1037 287 0
1063 254 1256 295 redemptio,

958 304 1047 344 Jesu,
1076 303 1288 345 captivorum,

908 352 954 385 Et
978 352 1168 394 propitiatio

958 402 1060 434 Plena
1083 400 1288 443 delictorum,

907 449 989 483 Esto
1017 449 1195 482 consolatio

956 498 1106 531 Meorum
1133 506 1291 537 carorum,

910 546 1092 588 Degentum
1117 547 1151 578 in
1178 546 1286 579 stadio

958 596 1067 637 Atque
1090 597 1300 628 mortuorum.

906 677 989 719 Ave,
1018 677 1116 710 decus
1141 677 1252 710 nobile

958 725 1106 758 Omnium
1136 726 1358 767 pulchrorum,

908 773 1053 815 Abigens
1080 774 1243 814 culpabile

957 822 1055 854 Virus
1081 822 1243 864 vitiorum,

909 869 935 902 O
960 868 1218 902 inconfuseabile

958 918 1055 951 Sidus
1081 927 1280 959 serenorum,

908 965 982 998 Duc
1005 967 1039 999 in
1065 966 1227 1000 infinibile

958 1014 1026 1048 Nos
1052 1024 1186 1056 regnum
1213 1016 1386 1049 coelorum.

908 1097 991 1141 Ave,
1019 1097 1110 1138 cujus
1134 1098 1267 1130 nomine

957 1145 1051 1178 Juste
1075 1146 1263 1187 gloriamur,

908 1193 1072 1236 Quemque
1095 1195 1229 1227 laudum
1257 1196 1399 1227 carmine

958 1242 1065 1284 Digne
1090 1252 1295 1284 veneramur,

908 1290 977 1323 Tuo
1003 1291 1062 1324 sub
1083 1291 1287 1325 umbramine

958 1339 1036 1372 Jesu
1060 1343 1279 1382 protegamur,

908 1387 1060 1421 Hostium
1086 1398 1106 1421 a
1131 1389 1262 1423 turbine

957 1436 1093 1476 Quando
1116 1437 1322 1471 tribulamur.

908 1519 991 1560 Ave,
1019 1522 1052 1551 te
1078 1521 1302 1560 quaerentium

960 1568 1030 1609 Via,
1056 1568 1125 1610 lux,
1151 1568 1298 1610 lucerna,

910 1614 976 1648 Sed
998 1617 1234 1650 invenientium

957 1665 1052 1698 Salus
1078 1665 1289 1706 sempiterna,

909 1712 977 1745 Nos
1005 1722 1150 1756 expurga
1174 1715 1331 1748 mentium

956 1762 988 1794 A
1012 1762 1089 1795 labe
1113 1765 1259 1805 veterna,

908 1809 1114 1851 Praeparans
1140 1811 1189 1844 sic
1213 1813 1386 1846 transitum

957 1858 1061 1892 Nobis
1087 1861 1130 1894 ad
1156 1864 1300 1895 aeterna.

826 1942 882 1975 40.
910 1942 992 1983 Ave,
1017 1952 1175 1975 summum
1203 1944 1355 1985 gaudium

958 1991 998 2023 In
1023 1992 1111 2024 omni
1137 1996 1265 2034 eventu⁷

898 2038 980 2072 Tuis
1009 2040 1089 2073 dans
1115 2040 1268 2074 solatium

959 2088 1028 2122 Tuo
1053 2089 1088 2121 in
1114 2089 1268 2129 adventu,

908 2136 1030 2169 Matris
1055 2146 1116 2177 per
1139 2135 1330 2179 sufiragium

960 2187 1068 2226 Atque
1089 2186 1278 2218 interventu

909 2232 978 2265 Nos
1004 2243 1025 2266 a
1047 2233 1295 2276 malignantium

936 2281 1075 2323 Protege
1102 2286 1272 2317 conventu.
