1656 2674
172 287 227 323 21.
256 287 380 328 Gaude,
409 288 499 328 eujus
524 287 651 320 viscera

305 337 402 370 Casta
425 340 684 377 permanserunt,

257 385 377 419 Contra
400 386 499 417 moris
526 383 660 417 foedera

302 433 436 473 Quando
463 436 651 475 genuerunt,

255 483 323 515 Isto
349 486 446 522 partu
471 491 591 522 supera

300 531 414 571 Regna
439 533 624 571 patuerunt,

252 578 324 619 His,
352 579 407 619 qui
432 589 490 612 sua
514 579 639 610 scelera

301 628 418 661 Poenis
445 628 620 662 diluerunt.

170 714 226 747 22.
255 714 379 754 Gaude,
408 714 587 747 aromatica

304 763 395 797 Cella
419 763 646 803 redemptoris,

253 812 340 851 Quae
362 812 466 844 nostri
493 820 526 844 es
551 812 646 844 unica

298 859 434 893 Medela
456 860 632 901 languoris,

255 908 391 949 Quaeso,
416 918 469 940 me
493 907 630 949 pacifica

298 959 390 991 Intus
416 960 513 998 atque
538 955 629 994 foris,

248 1005 394 1047 Abigens
421 1003 571 1037 tristifica

299 1053 517 1088 Insidiatoris.

166 1141 222 1176 23.
250 1140 374 1180 Gaude,
402 1142 558 1181 templum
585 1142 711 1182 gratiae

296 1191 405 1229 Atque
431 1188 600 1230 castitatis,

250 1237 484 1279 Templumque
508 1239 675 1277 potentiae

299 1286 449 1319 Summae
474 1286 642 1328 trinitatis,

249 1334 273 1368 O
299 1336 404 1367 mater
430 1335 630 1377 elementiae,

295 1383 433 1416 Praesta
457 1384 537 1416 mibi
562 1384 662 1424 gratis

244 1431 374 1464 Donum
401 1433 582 1473 sapientiae

298 1482 407 1521 Atque
429 1479 573 1522 pietatis.

165 1568 222 1601 24.
252 1567 376 1608 Gaude,
402 1569 502 1601 turris
529 1569 696 1602 continens

296 1616 425 1657 Clipeos
451 1618 617 1659 virtutum,

246 1666 277 1698 A
305 1666 430 1699 devotis
456 1666 590 1706 abigens

297 1714 420 1754 Quibus
445 1724 480 1747 es
504 1720 681 1758 versutum,

249 1762 386 1804 Quaeso,
413 1764 478 1796 mei
499 1764 656 1797 miserens

292 1812 373 1845 Esto
398 1813 478 1845 mihi
504 1816 641 1857 scutum,

245 1860 293 1894 Ut
316 1870 337 1893 a
359 1862 479 1894 mundo
504 1863 667 1895 transiens

294 1910 363 1942 Iter
388 1910 506 1942 vadam
531 1913 646 1946 tutum.

161 1995 216 2028 25.
245 1995 371 2037 Gaude,
398 1997 579 2038 sapientiae

293 2045 358 2077 Dei
381 2046 437 2086 pia
461 2046 584 2085 nutrix,

244 2093 296 2125 Ae
321 2094 469 2127 eoelestis
496 2096 621 2137 gratiae

293 2142 402 2183 Larga
429 2143 645 2186 distributrix,

243 2189 382 2223 Sanctae
406 2192 450 2224 sis
478 2192 634 2225 ecelesiae

293 2240 333 2271 In
360 2241 482 2273 cunctis
505 2241 660 2285 adjutrix,

243 2287 403 2328 Meaeque
426 2289 578 2323 miseriae

291 2336 403 2368 Totius
429 2337 575 2370 solutrix.

725 33 965 70 —90-

807 189 871 224 ΠΙ.

873 286 930 320 26.
958 283 1081 327 Gaude,
1108 283 1200 324 virgo
1223 283 1364 324 vigilans

1002 332 1111 366 Bonos
1136 331 1351 374 protegendo,

956 382 1140 415 Daemones
1167 379 1357 412 tristificans

1004 430 1124 464 Procul
1150 429 1323 470 abigendo,

955 479 1073 512 Manus
1099 487 1188 511 meas
1211 477 1356 518 jubilans

1003 528 1058 562 Ad
1082 530 1117 559 te
1140 535 1227 559 nune
1252 526 1403 569 extendo,

953 577 1011 610 Me
1035 585 1189 617 meosque
1214 576 1404 616 supplicans

1003 625 1079 659 Tibi
1100 625 1339 658 recommendo.

870 714 925 746 27.
955 712 1080 753 Gaude,
1108 713 1194 752 vitis,
1223 713 1397 745 daemones

1001 761 1133 802 Fugans
1159 765 1213 794 tuo
1239 760 1330 802 flore,

952 811 1077 851 Culpae
1101 810 1308 851 impetigines

1002 859 1064 898 Qui
1088 859 1184 891 sedat
1209 859 1322 900 odore,

950 908 1033 949 Ejus
1057 917 1110 939 me
1136 907 1326 941 corrobores

1000 956 1127 997 Tuique
1154 965 1274 994 amore,

951 1006 1132 1047 Vagantem
1157 1014 1218 1047 per
1245 1005 1392 1038 turbines

999 1053 1119 1088 Mundi
1146 1064 1217 1087 eum
1243 1054 1366 1088 labore.

865 1142 921 1175 28.
951 1141 1076 1182 Gaude,
1104 1151 1187 1183 quae
1215 1141 1389 1183 magnifica

985 1190 1203 1223 Veneratione

948 1239 1112 1272 Laudaris
1136 1240 1169 1272 in
1198 1240 1319 1272 coelica

997 1287 1134 1328 Semper
1158 1289 1300 1329 regione,

948 1336 1099 1370 Colentes
1127 1337 1318 1379 hymnidica

995 1385 1070 1418 Hae
1095 1389 1128 1418 te
1156 1387 1305 1419 cantione

948 1434 1065 1467 Serves
1091 1444 1112 1467 a
1136 1435 1315 1468 Sathanica

996 1484 1255 1525 Impugnatione.

863 1571 921 1604 29.
950 1570 1074 1611 Gaude,
1103 1581 1186 1612 quae
1210 1572 1370 1606 laetitiam

996 1621 1132 1661 Angelis
1159 1620 1278 1662 feeisti,

950 1668 1086 1709 Quando
1112 1670 1307 1711 sapientiam

994 1718 1058 1751 Dei
1085 1720 1236 1760 genuisti,

946 1766 1117 1800 Peccatori
1142 1768 1281 1811 veniam,

997 1816 1211 1851 Consolamen
1237 1818 1336 1856 tristi,

946 1865 1102 1898 Trinitati
1127 1866 1265 1907 gloriam

995 1917 1075 1947 tuno
1100 1915 1293 1950 retribuisti.

863 2000 918 2034 30.
949 2000 1074 2039 Gaude,
1103 2004 1194 2044 cujus
1221 2005 1379 2044 gremium

993 2050 1095 2083 Fovit
1117 2052 1333 2089 medicamen,

947 2099 1039 2139 Quod
1064 2100 1130 2133 reis
1156 2101 1337 2135 remedium

994 2148 1062 2180 Dat
1088 2152 1121 2180 et
1144 2151 1341 2193 relevamen,

944 2196 1087 2230 Auferas
1115 2199 1317 2231 credentium

994 2245 1155 2278 Praesens
1180 2247 1389 2290 tribulamen,

945 2293 1040 2334 Ipsos
1064 2296 1331 2337 persequentium

993 2341 1067 2375 Vim
1093 2345 1267 2384 repellens,
1319 2349 1438 2383 Amen.
