1656 2674
156 1442 211 1476 10.

155 1656 211 1690 11.

158 1967 213 2000 12.

159 2229 215 2261 13.

681 54 823 90 —54

236 155 271 189 Si
297 164 374 197 gens
397 154 500 187 omnis
517 154 551 186 in
569 162 666 186 unum
686 155 778 186 coeat

235 204 365 236 Laudes
391 207 527 242 tuasque
550 200 614 234 fari
636 201 777 241 studeat,

234 252 335 285 Poeni
360 252 503 292 linguam
521 250 657 290 quisque
675 250 703 281 si
719 249 777 282 ha-

544 299 630 338 beat,

233 348 338 389 Loqui
348 348 469 392 nequit,
478 350 615 388 quantas
621 350 654 377 te
664 346 787 379 deceat.

200 438 207 444 .
235 411 319 444 Nam
336 411 363 443 si
379 410 516 444 mundus
536 410 657 452 pagina
673 408 777 449 fieret,

232 460 278 492 Et
301 467 353 492 res
381 460 483 492 omnis
498 459 533 490 in
552 467 590 491 ea
607 457 776 500 scriberet,

236 507 367 541 Laudes
394 511 466 540 tuas
484 516 548 539 non
569 506 779 546 comprehen-

546 555 649 593 deret,

237 605 318 644 Quia
335 607 383 636 tot
401 606 485 640 sunt,
507 604 594 644 quod
611 612 675 636 non
689 602 777 636 suffi-

547 655 645 686 ceret.

201 742 208 749 .
236 716 314 749 Flos
324 723 481 754 rosarum,
494 714 551 746 lux
560 713 648 747 orbis
654 712 778 752 inclita,

237 764 339 797 Stella
354 764 455 796 maris
471 760 598 803 fulgore
615 761 778 804 praedita,

240 813 303 845 Per
337 821 432 852 quam
463 811 550 844 salus
586 815 635 844 est
660 810 780 842 mundo

547 859 689 899 reddita,

235 909 289 942 Ad
315 909 453 940 salutem
478 908 522 940 sis
540 909 634 941 nobis
654 907 778 940 semita.

239 971 384 1013 Gemma,
410 973 501 1005 sidus
527 970 712 1012 splendoris
731 970 779 1002 ni-

546 1021 613 1061 mii,

235 1069 331 1102 Luna
356 1067 482 1109 fulgens
508 1067 657 1101 immensi
682 1067 779 1106 radii,

238 1117 400 1150 Desolatis
436 1118 534 1157 plena
559 1125 633 1158 spes
660 1115 781 1156 gaudii,

237 1167 354 1199 Portus
380 1165 477 1198 nobis
502 1165 546 1197 sis
573 1163 748 1205 refrigerii.

202 1254 209 1260 .
238 1229 263 1261 O
290 1228 408 1268 Maria,
435 1231 490 1260 tuo
516 1227 682 1268 praesidio

238 1277 306 1309 Nos
335 1276 458 1309 colloca
483 1277 589 1316 precis
616 1276 747 1316 auxilio,

240 1325 401 1358 Salvatori
429 1323 629 1358 concordans
657 1323 725 1356 tilio

237 1374 276 1407 In
293 1378 478 1406 sanctorum
493 1374 593 1415 junge
608 1372 779 1406 consortio.

241 1442 265 1475 O
293 1441 450 1474 salvatrix
476 1441 609 1473 humani
634 1440 772 1480 generis,

238 1490 449 1522 Interemtrix
475 1490 573 1522 totius
600 1489 745 1531 sceleris,

238 1539 371 1579 Adjuva
378 1548 448 1578 nos,
459 1547 541 1580 quae
550 1537 781 1571 tantimuneris

239 1587 286 1619 Es
306 1587 456 1620 donatrix
474 1590 504 1618 et
517 1591 631 1627 portus
645 1585 782 1619 miseris.

238 1656 317 1688 Flos
337 1655 497 1695 candoriS,
524 1653 583 1687 flos
600 1654 782 1696 pulchritu-

553 1703 649 1737 dinis,

240 1752 313 1785 Non
347 1760 550 1784 marcescens
582 1760 661 1793 prae
687 1756 784 1785 vento

550 1800 700 1840 turbinis,

241 1848 357 1882 Turris
381 1849 476 1881 nobis
502 1849 547 1881 sis
568 1849 783 1891 fortitudinis,

241 1898 292 1930 Ne
298 1906 481 1939 mergamur
487 1900 580 1931 antro
588 1897 784 1932 formidinis.

242 1965 423 1998 Benedicta
449 1970 505 1998 tua
530 1965 709 2006 conceptio,

239 2014 421 2047 Benedicta
440 2014 562 2048 Christi
587 2015 784 2056 progressio,

242 2063 346 2104 Crux,
384 2063 593 2104 sepulchrum
619 2066 652 2096 et
676 2072 785 2096 resur-

552 2113 664 2150 rectio,

241 2160 423 2193 Benedicta
448 2161 517 2202 ejus
542 2162 700 2193 ascensio.

241 2227 450 2269 Benedictus,
478 2229 533 2269 qui
559 2227 639 2261 fecit
664 2229 785 2271 sidera,

240 2276 346 2316 Mare,
360 2279 449 2310 terra
464 2280 496 2310 et
509 2286 655 2319 quaeque
665 2281 784 2321 cetera,

243 2325 304 2366 Qui
328 2334 364 2357 se
391 2326 506 2359 clausit
523 2326 557 2358 in
575 2330 632 2359 tua
649 2326 785 2367 viscera,

242 2373 288 2407 Ut
308 2374 431 2407 locaret
448 2384 507 2408 nos
525 2384 624 2416 super
642 2375 784 2410 aethera.

851 154 909 187 14.

851 404 907 437 15.

851 607 906 640 16.

853 810 907 844 17.

854 1014 908 1048 18.

852 1218 910 1251 19.

854 1423 910 1455 20.

856 1724 912 1759 21.

856 1928 915 1960 22.

859 2183 914 2215 23.

935 151 1136 184 Benedictus
1162 154 1259 184 natus
1285 158 1480 191 puerperae,

937 200 998 239 Qui
1016 199 1156 232 redemit
1172 198 1391 231 membrorum
1409 199 1480 231 vul-

1248 255 1328 279 nere

935 296 1038 329 Primi
1051 296 1156 337 patris
1167 296 1336 328 damnatos
1346 295 1481 337 scelere,

938 344 999 384 Qui
1014 344 1171 386 lugebant
1190 347 1323 378 aeterno
1338 353 1479 378 carcere.

935 402 1480 446 Salve,mater,nostraredemptio,

934 450 1015 492 Spes
1041 452 1168 484 miseris
1195 456 1228 484 et
1252 451 1421 492 relevatio,

933 501 999 533 Per
1024 505 1058 533 te
1082 500 1177 533 nobis
1203 500 1261 533 fiat
1286 501 1447 540 remissio,

934 548 986 581 Ne
1010 549 1151 582 Satanae
1176 550 1286 582 vincat
1310 549 1429 581 illusio.

936 606 961 639 O
988 608 1110 649 regina,
1140 608 1238 640 decus
1265 607 1464 647 coelestium,

935 655 960 688 O
988 656 1134 697 adjutrix
1160 659 1194 688 te
1220 656 1479 698 deprecantium,

934 704 1130 737 Miserorum
1156 714 1232 746 spes
1258 708 1290 736 et
1305 704 1479 745 refugium,

935 752 1039 785 Tuum
1065 762 1123 787 ora
1145 763 1207 795 pro
1232 753 1326 786 nobis
1352 753 1465 787 filium.

935 811 1018 852 Ave,
1044 814 1150 843 mater
1173 812 1428 852 misericordiae,

935 859 1072 893 Pietatis
1100 863 1132 891 et
1155 860 1390 902 indulgentiae,

936 908 1002 941 Ora
1013 912 1135 948 natum,
1149 909 1204 949 qui
1214 908 1286 941 fons
1297 911 1346 940 est
1353 908 1480 949 veniae,

935 957 984 990 Ut
992 966 1051 989 nos
1062 956 1146 990 dono
1158 955 1336 990 conformet
1343 957 1478 998 gratiae.

935 1013 1044 1047 Decus
1059 1014 1158 1056 orbis,
1175 1015 1323 1047 sublimis
1340 1016 1480 1055 domina,

937 1062 1038 1095 Placa
1050 1063 1144 1096 nobis
1158 1067 1322 1104 regentem
1337 1064 1480 1105 numina,

940 1110 1118 1144 Creaturae
1142 1113 1241 1144 totius
1271 1113 1393 1153 regina,

936 1159 1027 1192 Tuae
1050 1160 1158 1201 plebis
1184 1160 1262 1193 audi
1281 1161 1479 1201 precamina.

936 1217 1161 1251 Humanarum
1182 1228 1292 1251 rerum
1312 1220 1483 1252 consensio

936 1266 999 1300 Est
1016 1266 1131 1299 attrita
1156 1268 1272 1308 culpae
1290 1267 1484 1310 naufragu'03

938 1314 1003 1347 Sed
1028 1319 1065 1347 tu
1089 1318 1195 1348 mater
1218 1319 1273 1348 tuo
1300 1316 1465 1358 suffragio,

937 1362 1159 1404 Supernorum
1172 1374 1231 1397 nos
1241 1365 1343 1406 junge
1353 1365 1482 1406 gaudio.

938 1421 1049 1463 Virgo,
1070 1422 1186 1463 gaude.
1205 1425 1310 1455 mater
1323 1422 1482 1464 fidelium,

938 1472 1164 1511 orphanorum
1184 1472 1282 1508 salus,
1310 1471 1484 1513 refugium,

937 1518 1001 1551 Per
1027 1527 1124 1560 quam
1151 1520 1247 1561 culpa
1271 1520 1399 1553 deletur
1416 1530 1484 1553 om-

1250 1569 1350 1609 nium,

939 1615 1180 1656 Sempiternum
1215 1617 1257 1650 da
1287 1618 1382 1650 nobis
1408 1628 1486 1659 gau—

1254 1666 1351 1699 dium.

939 1723 1034 1756 Luna
1048 1723 1196 1766 pulchra,
1215 1724 1306 1757 sidus
1322 1726 1486 1770 eximium,

939 1771 1024 1804 Solis
1051 1773 1183 1805 vincens
1202 1772 1330 1815 fulgore
1346 1774 1486 1816 radium,

938 1821 1029 1853 Audi
1054 1830 1170 1862 preces
1196 1826 1230 1855 te
1252 1822 1485 1865 invocantium,

940 1868 1017 1901 Sine
1042 1879 1134 1904 mora
1159 1870 1283 1911 praebe
1308 1872 1477 1907 auxilium.

942 1926 1038 1961 Salve
1061 1928 1161 1969 jubar
1188 1929 1337 1962 coelestis
1356 1931 1486 1974 sideris,

942 1976 1006 2009 Per
1032 1987 1127 2018 quani
1145 1981 1238 2018 patet
1262 1978 1319 2011 lux
1338 1984 1412 2014 orta
1427 1980 1488 2012 mi-

1255 2028 1348 2068 seris,

943 2074 1121 2107 Ordinibus
1146 2077 1298 2116 praelata
1322 2078 1461 2121 superis,

941 2122 1024 2156 Esto
1050 2123 1144 2157 nobis
1172 2125 1302 2157 ductrix
1326 2127 1465 2161 itineris,

942 2180 1015 2213 Lux
1041 2183 1168 2226 solaris,
1197 2184 1306 2218 lumen
1331 2184 1488 2227 fidelium,

943 2227 1039 2263 Salus
1066 2230 1109 2263 ad
1135 2235 1169 2264 te
1196 2231 1463 2276 confugientium,

943 2277 1063 2312 Sancta
1088 2280 1200 2323 virgo,
1237 2281 1397 2316 salvatrix
1422 2293 1489 2316 om-

1257 2331 1358 2372 nium,

945 2374 1035 2408 Coeli
1060 2377 1155 2411 nobis
1176 2379 1263 2412 dona
1281 2382 1489 2418 consortium.
