1656 2674
721 122 982 158 —105—

818 279 882 313 111.

182 368 263 403 171.
293 369 421 412 Gaude,
449 381 531 412 quae
555 383 641 406 nunc
667 375 821 416 optimam
882 376 962 412 176.
993 377 1116 418 Gaude,
1143 377 1200 409 lux
1225 386 1306 418 quae
1331 378 1459 411 nuntias

341 420 473 452 Partem
501 421 636 463 elegisti,
1040 426 1116 457 Veri
1139 425 1216 457 solis
1238 428 1354 465 ortum,

297 466 455 501 Coelitum
481 469 672 503 altissimam
991 473 1153 506 Christum
1180 474 1307 513 quando
1333 483 1478 516 generas,

339 515 457 549 Sedem
481 518 669 560 ascendisti,
1037 521 1139 554 Nobis
1165 521 1253 553 vitae
1278 525 1417 562 portum,

288 564 631 599 Misericordissimam
990 569 1164 610 Culparum
1189 578 1248 609 per
1272 570 1416 603 tenebras

339 613 474 646 Manum
499 615 621 654 praebe
646 616 734 648 tristi
1037 618 1138 651 Modo
1163 626 1215 649 me
1240 617 1428 658 absorptum

291 661 385 701 Mihi,
413 661 619 702 plurifariam
990 667 1043 699 Ad
1071 667 1153 699 coeli
1179 666 1311 698 delicias

340 710 425 743 Olim
451 720 545 751 quem
571 712 702 748 audisti,
1036 715 1109 747 Duc
1132 722 1193 755 per
1218 715 1432 755 angiportum.

183 793 266 830 172.
295 795 421 837 Gaude,
449 806 531 837 quae
555 799 710 839 regaliter
881 801 961 834 177.
990 800 1113 841 Gaude,
1141 809 1223 843 quae
1248 801 1396 833 custodia

340 844 469 885 Regnas
492 846 527 878 in
552 848 713 888 supernis,
1035 849 1233 890 Angelorum
1258 851 1351 889 septa

289 892 355 925 Ubi
381 891 544 926 facialiter
987 898 1051 930 Per
1075 900 1184 929 natum
1211 905 1244 928 es
1270 897 1389 937 gaudia

338 941 444 973 Deum
470 951 599 983 semper
625 944 740 985 cernis,
1037 945 1204 978 Coelorum
1230 945 1359 986 adepta,

290 989 431 1021 Mundes
456 990 661 1032 integraliter
988 993 1111 1026 Laudis
1137 1001 1228 1025 meae
1252 993 1358 1025 hostia

337 1037 393 1070 Me
417 1047 504 1071 nunc
527 1040 562 1071 in
585 1040 722 1073 internis
1036 1041 1110 1073 Tibi
1136 1040 1179 1073 sit
1203 1044 1347 1080 accepta,

289 1085 457 1127 Jungeque
480 1085 624 1120 finaliter
985 1088 1030 1121 Et
1057 1092 1172 1122 cuncta
1196 1088 1362 1121 turbantia

344 1133 480 1167 Gaudiis
507 1136 657 1168 aeternis
1035 1137 1143 1169 Pellas
1172 1139 1204 1168 et
1228 1137 1349 1177 inepta.

181 1218 263 1252 173.
292 1219 416 1263 Gaude,
444 1230 526 1261 quae
550 1222 584 1254 in
612 1222 746 1255 dextera
878 1224 959 1258 178.
988 1222 1112 1263 Gaude,
1139 1221 1305 1255 odorifera

338 1268 417 1300 Nati
437 1270 665 1311 conscendisti,
1034 1271 1354 1311 Stirps,quaegignis
1362 1269 1513 1312 fructum,

287 1315 421 1355 Quando
447 1326 547 1358 super
572 1319 705 1351 aethera
984 1320 1045 1359 Qui
1069 1320 1177 1352 Adam
1204 1319 1245 1350 ad
1272 1319 1405 1351 aethera

333 1364 512 1406 Assumpta
538 1365 640 1408 fuisti,
1032 1366 1175 1400 Reduxit
1201 1367 1379 1405 seductum,

285 1412 359 1444 Duc
383 1422 435 1446 me
460 1423 521 1454 per
544 1414 663 1447 itinera
983 1415 1097 1448 Dulcis
1123 1416 1236 1457 mater,
1263 1424 1422 1455 prospera

332 1461 440 1503 Legis,
469 1471 552 1503 quae
578 1464 733 1506 transisti,
1031 1464 1153 1497 Mentis
1178 1471 1269 1495 meae
1293 1464 1426 1504 luctum,

284 1508 418 1548 Quando
444 1511 535 1551 virgo
561 1514 673 1544 tenera
984 1513 1125 1552 Propter
1149 1519 1221 1544 mea
1246 1512 1371 1543 seelera

330 1558 369 1590 In
394 1559 515 1591 mundo
540 1560 662 1593 vixisti.
1032 1560 1152 1593 Merito
1178 1559 1356 1592 inductum.

176 1643 257 1678 174.
286 1644 409 1687 Gaude,
435 1648 541 1678 mater
567 1647 701 1681 coelitus
878 1648 957 1681 179.
986 1646 1110 1691 Gaude,
1137 1654 1220 1687 quae
1243 1646 1278 1678 in
1301 1646 1492 1679 Bethlehem

332 1693 555 1736 honorificata,
1033 1697 1155 1729 Panem
1179 1695 1356 1735 protulisti,

285 1741 391 1782 Super
413 1752 522 1775 omnes
549 1744 682 1784 spiritus
984 1743 1051 1783 Quo
1076 1752 1194 1776 novam
1219 1743 1402 1777 Jerusalem

333 1792 371 1823 In
398 1791 486 1824 coelo
512 1792 630 1833 locata,
1032 1792 1133 1825 Plene
1157 1789 1313 1833 refecisti,

282 1838 473 1872 :functorum
497 1841 693 1881 germanitus
982 1841 1117 1873 Manum
1140 1840 1263 1882 praebe
1290 1840 1428 1872 celerem

329 1888 424 1929 Mihi,
452 1898 470 1921 0
496 1889 602 1930 beata,
1031 1888 1184 1929 Concioni
1209 1888 1340 1929 Christi,

283 1936 397 1969 Omnia
422 1938 579 1970 radicitus
982 1938 1071 1978 Quae
1096 1938 1139 1971 ad
1165 1938 1198 1969 te
1223 1937 1395 1969 amabilem

329 1984 470 2018 Auferas
496 1989 641 2027 peccata.
1031 1987 1138 2021 Corde
1164 1986 1282 2018 elamat
1306 1986 1404 2018 tristi.

173 2072 254 2107 175.
284 2072 409 2116 Gaude,
438 2073 551 2107 domus
577 2074 701 2116 gratiae
872 2075 953 2110 180.
982 2073 1106 2116 Gaude,
1135 2074 1225 2114 cujus
1250 2074 1367 2106 merito

327 2123 379 2154 Ae
403 2122 574 2163 satietatis,
1028 2124 1122 2156 Istud
1146 2123 1377 2164 praedicamen

278 2171 402 2204 Domus
429 2172 610 2212 sapientiae
978 2172 1074 2205 Nunc
1098 2173 1254 2205 virtutum
1280 2171 1394 2212 pictito

325 2221 378 2254 Ac
402 2220 622 2264 benignitatis,
1031 2221 1175 2254 Tuorum
1202 2221 1357 2264 celamen,

277 2269 373 2302 Filiis
399 2269 557 2302 ecclcsiae
981 2271 1086 2303 Tuum
1111 2269 1192 2303 mihi
1216 2268 1326 2311 flagito

325 2318 427 2352 Modo
452 2318 618 2351 tribulatis
1030 2319 1098 2352 Des
1125 2318 1330 2362 auxiliamen,

274 2367 404 2401 Donum
432 2368 488 2401 des
514 2368 661 2401 laetitiae
981 2369 1032 2401 Ne
1056 2372 1133 2410 post
1156 2372 1292 2401 mortem
1320 2368 1451 2409 perdito

322 2417 369 2450 Et
392 2417 631 2459 prosperitatis.
1026 2418 1124 2452 Hosti
1149 2418 1273 2451 tradar.
1323 2418 1439 2450 Amen.
