1656 2674
725 76 889 113 -103
944 97 990 101 —-

688 234 852 267 Sexta
891 243 1031 276 parS.

189 466 272 500 151.
301 466 384 509 Ave,
414 466 610 499 domicilium

347 514 487 547 Sanctae
511 515 677 555 trinitatis,

301 561 469 595 Castitatis
494 563 608 604 lilium⁷

348 612 459 645 Mater
484 612 627 652 pietatis,

299 658 400 692 Placa
425 662 513 692 tuum
540 658 640 692 filium

349 706 512 741 Offensum
537 707 692 749 peccatis,

295 755 454 796 Largiens
480 756 635 789 auxilium

349 804 483 838 Cunctis
508 804 684 838 tribulatis,

189 862 272 896 152.
299 862 382 902 Ave,
408 862 501 903 virgo
528 861 651 902 Jessea,

346 911 421 942 Ave
445 910 539 951 virga
562 908 662 951 floris,

302 958 363 998 Qui
390 958 448 990 dat
472 960 561 991 serta
586 968 686 992 aurea

349 1006 389 1039 In
416 1006 578 1039 coelorum
605 1005 695 1048 foris,

299 1055 392 1088 Mala
416 1055 622 1087 instantanea

350 1103 442 1135 Intus
470 1105 567 1143 atque
592 1102 683 1144 foris,

301 1149 416 1191 Aufer,
444 1159 462 1182 0
488 1151 635 1191 virginea

345 1198 466 1238 Mater,
494 1200 617 1231 cunetis
642 1199 743 1232 horiS.

191 1255 270 1290 153.
297 1255 380 1298 Ave,
406 1256 447 1289 de
472 1265 535 1296 qua
562 1257 724 1289 canimus:

345 1304 418 1336 Ave
442 1305 540 1337 maris
566 1305 672 1345 stella,

299 1352 384 1384 Nam
410 1353 572 1385 succurris
600 1353 693 1385 citius

348 1400 453 1434 Nobis
479 1401 513 1433 in
538 1401 694 1442 procella,

297 1448 345 1482 Te
372 1449 530 1490 deprecor
558 1450 722 1493 attentius,

350 1497 375 1530 Ο
403 1498 544 1531 clemens
569 1498 691 1539 puella,

298 1546 405 1580 Tuum
431 1555 490 1587 pro
513 1546 665 1580 fidelibus

344 1594 466 1627 Natum
491 1595 679 1636 interpella.

188 1651 269 1686 154.
296 1651 380 1692 Ave,
406 1652 587 1693 pudicitiae

346 1699 482 1733 Gemma
507 1702 710 1742 admiranda,

299 1748 460 1782 Normula
480 1750 637 1793 justitiae,

346 1797 479 1830 Cunctis
504 1799 739 1840 praedicanda,

296 1846 346 1880 Tu
371 1846 616 1880 misericordiae

344 1894 455 1928 Mater
480 1896 679 1938 veneranda,

296 1943 453 1978 Omnibus
480 1945 637 1977 ecclesiae

345 1992 442 2025 Natis
469 2001 502 2026 es
529 1993 678 2026 amanda.

185 2050 265 2085 155.
293 2051 376 2091 Ave,
404 2060 500 2092 quam
525 2051 702 2084 intrinseca

341 2098 438 2132 Nunc
465 2100 637 2133 devotione

292 2148 440 2182 Veneror
465 2146 613 2189 glorifica

342 2195 602 2240 Collaudatione,

290 2245 362 2279 Tua
388 2254 441 2278 me
466 2244 613 2279 salvifica

337 2295 584 2336 Benedictione,

289 2343 445 2379 corruam
471 2354 514 2377 ne
538 2344 665 2378 hostica

335 2394 374 2428 In
399 2394 652 2436 impugnatione.

748 319 800 348 Ad
820 319 967 349 Nonam.

844 398 872 432 Ι.

892 465 974 500 156.
1002 467 1084 506 Ave,
1112 474 1208 507 quam
1231 465 1393 498 Emanuel

1048 515 1088 547 In
1112 515 1249 546 matrem
1275 514 1427 556 sacravit,

997 562 1144 604 Angelus
1170 564 1203 595 te
1230 561 1362 595 Gabriel

1050 611 1184 650 Quando
1211 610 1374 651 salutavit,

999 659 1189 693 Consultum
1213 658 1412 699 Achitophel

1049 709 1142 742 Tunc
1165 707 1368 748 annihilavit,

1000 755 1121 790 Contra
1144 756 1273 796 plebem
1299 756 1403 789 Israel

1049 804 1141 844 Quod
1167 803 1243 836 olim
1271 804 1414 837 dictavit.

891 862 972 897 157.
998 862 1080 901 Ave,
1108 871 1172 902 qua
1199 862 1352 894 divinitus

1047 909 1170 942 Debuit
1198 910 1338 942 Messias

997 958 1108 999 Nasci,
1136 958 1220 990 sicut
1244 958 1395 998 primitus

1048 1006 1187 1046 Scripsit
1208 1006 1322 1043 Isaias‚

998 1054 1089 1096 Rogo
1115 1057 1149 1086 te
1172 1054 1361 1087 medullitus

1046 1102 1115 1135 Has
1140 1111 1201 1142 per
1227 1102 1430 1142 hymnodias,

997 1150 1112 1184 Hostis
1139 1150 1231 1182 aufer
1256 1151 1396 1191 impetus

1045 1200 1154 1240 Atque
1179 1199 1367 1239 phantasia„

891 1257 971 1292 158.
997 1257 1079 1296 Ave,
1107 1256 1197 1289 scala
1222 1256 1356 1297 gratiae,

1046 1304 1193 1337 Christus
1220 1314 1314 1345 quam
1340 1304 1497 1345 ascendit,

997 1352 1131 1392 Quando
1158 1362 1268 1386 semen
1293 1353 1447 1385 Abrahae

1046 1401 1152 1434 Carne
1178 1402 1407 1442 apprehendit,

997 1449 1035 1482 In
1061 1450 1181 1482 vallem
1205 1449 1361 1483 miseriae

1048 1498 1167 1531 Postea
1194 1497 1372 1538 deseendit,

996 1545 1063 1579 Ubi
1088 1545 1266 1579 multifarie

1045 1595 1204 1627 Mundum
1230 1593 1453 1636 reprehendit,

888 1654 968 1688 159.
996 1654 1079 1692 Ave,
1107 1653 1196 1693 eujus
1225 1652 1363 1685 dulciter

1044 1700 1115 1734 Vox
1139 1701 1172 1733 in
1200 1710 1277 1733 aure
1302 1700 1366 1733 Dei

998 1748 1157 1783 Personat
1178 1749 1356 1790 humiliter,

1047 1797 1126 1831 Cum
1150 1800 1183 1830 te
1209 1797 1322 1830 subdis
1350 1798 1388 1836 ei,

994 1846 1146 1879 Hostium
1173 1847 1323 1879 celeriter

1044 1894 1146 1928 Obsta
1170 1894 1285 1936 rabiei,

996 1944 1056 1984 Qui
1081 1943 1217 1977 laedunt
1240 1943 1384 1976 letaliter

1047 1991 1195 2025 Castrum
1222 1992 1329 2025 cordis.
1354 1991 1429 2024 mei.

888 2051 969 2086 160.
995 2052 1078 2091 Ave,
1105 2053 1270 2091 sceptrum
1294 2051 1419 2092 regium

1046 2099 1312 2143 Christianitatis,

996 2148 1146 2182 Solamen
1171 2148 1383 2180 moerent-ium

1046 2196 1119 2230 Suis
1144 2205 1205 2237 pro
1229 2198 1385 2241 peccatis,

995 2246 1100 2279 Tuum
1124 2246 1332 2288 privilegium

1045 2295 1084 2328 ln
1108 2295 1158 2327 his
1184 2295 1384 2337 praedicatis

997 2344 1121 2378 Fantes
1148 2344 1211 2377 duc
1235 2344 1269 2377 in
1296 2344 1447 2386 gaudium

1045 2392 1122 2427 Cum
1148 2393 1413 2434 praedestinatis
