1656 2674
211 291 219 300 .
247 263 361 306 Alpha
386 275 444 299 seu
466 266 596 300 initium

297 315 473 348 Machinae
498 316 682 349 mundanae

250 364 309 398 Cui
338 366 459 397 canunt
482 365 691 405 praeconium

298 413 417 445 Plebes
444 412 661 453 Christianae,

249 460 377 495 Horum
401 462 436 493 in
463 462 660 495 consortium

298 510 364 554 Me,
392 518 519 554 precor,
547 519 686 553 appone,

250 559 357 593 Tuum
378 559 443 592 hoc
466 559 657 599 obsequium

299 608 477 641 Concinam
501 611 537 640 ut
562 616 649 641 sane.

216 698 223 705 .
250 668 349 705 Beles
373 678 447 703 mea
471 670 571 711 igitur

299 719 376 752 Tibi
401 728 524 752 summo
551 718 635 751 bono

250 768 378 801 Devote
401 767 624 809 prosternitur

297 816 453 849 Laudans
479 816 571 848 vultu
595 824 699 856 prono

250 865 296 898 Et
318 865 367 897 ita
391 865 600 906 prosequitur

298 912 499 946 Harmoniae
525 921 614 953 sono,

249 963 456 1003 Frequenter
481 960 627 994 reficitur

300 1010 383 1049 Quia
407 1013 463 1042 tuo
491 1010 587 1044 dono,

217 1098 224 1106 .
253 1071 377 1109 Cuncta
399 1081 525 1105 mecum
552 1072 723 1104 concinant

303 1121 454 1154 Summae
479 1121 619 1153 trinitati

250 1170 382 1203 Laudes
409 1172 442 1202 et
467 1169 523 1209 qui
548 1168 698 1201 habitant

301 1217 399 1251 Coelo
421 1218 490 1257 J‘am
515 1217 605 1250 beati

250 1267 322 1299 Nec
346 1275 411 1299 non
436 1275 473 1298 se
497 1265 674 1305 subjiciant

299 1314 386 1347 Suae
410 1314 560 1355 bonitati,

249 1363 396 1397 Plurima
422 1372 501 1404 quos
528 1363 709 1404 aggravant

301 1412 408 1445 Onera
432 1412 570 1452 peccati.

215 1502 222 1509 .
248 1472 350 1516 Deus,
378 1474 434 1516 qui
458 1474 647 1507 harmonice

298 1525 330 1556 A
357 1523 482 1556 cunctis
506 1523 654 1556 laudaris

248 1572 294 1606 Et
319 1581 478 1604 summum
505 1571 665 1604 catholice

299 1621 426 1654 Bonum
451 1620 640 1661 nominaris,

254 1671 302 1704 Te
326 1672 364 1702 ut
386 1669 519 1703 laudem
543 1670 670 1711 melice,

297 1718 384 1751 Mihi
408 1718 571 1759 largiaris,

251 1767 376 1802 Coleris
405 1767 460 1809 qui
486 1766 607 1800 coelice

298 1816 469 1849 Laudibus
495 1815 688 1857 praeclaris.

214 1906 221 1913 .
249 1877 315 1922 Eia
337 1880 434 1913 modo
461 1878 607 1921 singulae

297 1929 396 1963 Vires
421 1929 531 1962 cordis
554 1928 631 1970 mei,

250 1979 378 2012 Nomen
403 1977 569 2011 ineffabile

299 2027 498 2068 sempiterni
522 2026 586 2060 Dei

253 2076 446 2111 Collaudate
471 2076 586 2109 sedule

299 2125 530 2167 Supplicantes
553 2125 592 2168 ei,

247 2176 316 2209 Det
339 2175 433 2208 vobis
459 2173 616 2208 benevole

297 2224 423 2258 Locum
447 2223 583 2265 requiei.

213 2311 221 2319 .
248 2281 364 2319 Fictor
388 2282 593 2316 admirabilis

298 2332 410 2366 Omnis
437 2334 618 2371 creaturae,

248 2382 383 2417 Homini
409 2391 482 2416 cum
506 2381 630 2424 angelis

297 2432 462 2466 Colendus
489 2431 531 2464 de
552 2432 637 2472 Jure,

742 119 790 123 -
840 98 886 135 27
938 121 984 126 .-

559 193 586 225 3.
627 194 672 227 De
691 202 715 226 s.
737 192 900 227 Trinitate
919 194 1095 228 Abcdarius
1116 195 1155 227 H.

896 1683 953 1718 10.

897 2085 953 2119 11.

977 265 1067 301 Vere
1095 267 1324 308 praeamabilis

1030 316 1124 350 Omni
1149 316 1250 349 menti
1275 324 1388 357 purae,

978 364 1031 397 Da
1055 374 1128 398 eum
1154 365 1236 397 coeli
1260 365 1376 398 incolis

1029 413 1198 447 Gaudeam
1222 422 1346 447 secure.

981 473 1139 511 Genimen
1164 476 1331 509 humiliter

1026 526 1138 558 Meum
1163 525 1357 558 recomendo

980 574 1066 618 Tibi,
1094 574 1276 616 genialiter,

1029 622 1096 662 Quo
1124 631 1221 654 carne
1248 621 1421 662 descendo.

979 671 1079 711 Cujus
1107 670 1317 712 singulariter

1029 719 1173 752 Salutem
1195 719 1340 758 intendo,

979 768 1024 800 Et
1048 776 1108 808 pro
1134 776 1186 799 me
1211 767 1404 807 suppliciter

1030 816 1148 849 Manus
1172 824 1259 848 nunc
1286 814 1435 848 extendo.

978 875 1267 913 Honorificentiam

1028 927 1187 962 Carminis
1216 927 1327 960 decori

981 975 1123 1008 Concino
1148 984 1209 1016 per
1233 974 1365 1008 latriam

1028 1024 1103 1056 Tibi
1130 1023 1279 1064 creatori,

978 1072 1117 1113 Largire
1142 1072 1226 1104 hane
1250 1071 1389 1112 gratiam

1029 1120 1099 1153 Tuo
1123 1119 1298 1157 laudatori,

979 1167 1027 1201 Ut
1053 1168 1093 1201 ob
1119 1168 1294 1200 amicitiam

1027 1217 1133 1249 Velim
1157 1226 1218 1257 pro
1244 1218 1278 1248 te
1302 1220 1394 1248 mori.

979 1276 1021 1314 In
1044 1280 1107 1312 hoc
1130 1279 1214 1311 mori
1240 1279 1358 1311 caritas

1031 1327 1163 1360 Summa
1189 1327 1428 1367 comprobatur,

977 1377 1132 1409 Increata
1155 1377 1278 1408 veritas

1028 1425 1087 1458 Uti
1111 1427 1322 1468 protestatur,

979 1474 1020 1506 In
1046 1482 1082 1506 eo
1108 1474 1292 1506 humanitas

1027 1521 1116 1555 Mire
1140 1521 1344 1556 sublimatur.

978 1570 1025 1603 Et
1050 1570 1153 1603 omnis
1178 1570 1332 1611 iniquitas

1027 1619 1109 1660 Ejus
1137 1619 1325 1660 depuratur.

980 1679 1197 1725 Katagrapho
1227 1681 1381 1723 carmine,

1029 1731 1174 1765 Trinitas
1201 1731 1308 1772 beata,

981 1780 1177 1822 Baptismali
1202 1778 1335 1812 flumine

1032 1830 1134 1862 Plebe
1160 1838 1232 1861 cum
1257 1831 1374 1861 renata

981 1878 1103 1911 Mentis
1128 1887 1200 1910 cum
1226 1877 1375 1911 acumine

1029 1928 1102 1961 Ista
1124 1928 1327 1968 praedicata,

983 1976 1086 2010 Caute
1116 1984 1155 2008 ex
1181 1976 1306 2018 origine

1028 2026 1128 2069 Legis
1160 2027 1306 2058 exarata.

979 2080 1051 2118 Lex
1076 2084 1195 2125 pandit
1219 2083 1354 2117 realiter

1030 2133 1078 2166 Te
1103 2142 1212 2166 rerum
1238 2131 1411 2172 factorum,

981 2181 1083 2222 Quem
1108 2184 1141 2214 et
1165 2182 1280 2216 laudat
1301 2182 1425 2223 jugiter

1029 2231 1076 2264 Et
1099 2230 1361 2276 gubernatorem,

979 2281 1103 2314 Precor
1127 2282 1160 2312 te
1183 2279 1351 2313 humiliter

1029 2330 1143 2365 Meum
1167 2330 1421 2370 redemptorem,

981 2378 1099 2413 Facias
1124 2387 1177 2411 me
1202 2378 1344 2420 pleniter

1030 2429 1135 2461 Tuum
1162 2431 1350 2462 amatorem.
