1656 2674
157 295 214 329 11,

154 716 209 748 12.

151 1131 207 1166 13.

152 1550 207 1584 14.

150 1970 205 2003 15.

703 58 944 95 ,32-

242 296 322 335 Ave,
349 295 442 335 panis
469 294 598 335 coelice,

287 342 414 375 Satians
441 351 584 383 egenum,
606 342 609 343 ⁷

238 390 290 422 Ac
313 392 388 422 tuae
414 389 550 423 deificae

287 438 439 472 Caritatis
462 439 604 479 plenum,

237 486 352 519 Cordis
377 487 480 519 nostri
507 487 620 527 disjice

283 533 444 566 Affectum
470 538 634 567 terrenum

235 582 491 624 Nostrorumque
516 583 622 623 abjice

282 631 475 671 Appetitum
499 640 623 665 renum.

235 714 317 753 Ave,
349 713 558 745 aromaticum

283 761 348 793 Vas
374 761 594 802 benignitatis,

235 809 285 841 Tu
309 818 366 841 vas
392 808 591 841 odoriferum

283 857 413 898 Vasque
436 858 592 899 caritatis,

238 905 364 938 Statum
389 904 443 937 fac
467 904 637 945 pacificum

285 953 541 995 Contrarietatis‚

234 1001 379 1042 Abigens
404 1001 583 1034 terrificum

282 1050 418 1083 Hostem
442 1050 584 1090 pietatis.

233 1130 314 1162 Ave.
342 1131 617 1171 simplicissimum

281 1178 328 1211 Et
351 1180 536 1212 universale

234 1226 367 1266 Lumen,
394 1228 482 1268 patri
506 1228 662 1260 luminum

283 1275 416 1308 Penitus
442 1277 587 1317 aequale,

235 1322 371 1355 Praesta
397 1324 514 1356 donum
539 1325 695 1365 optimum

283 1370 492 1413 Sapientiale,

236 1419 327 1459 Quod
352 1420 456 1460 pellat
478 1421 680 1454 teterrimum

285 1467 389 1500 Chaos
416 1469 592 1503 criminale.

233 1549 315 1591 Ave,
340 1550 541 1584 immutabile

283 1598 359 1638 Spei
385 1597 640 1643 fundamentum,

234 1647 301 1687 Quo
328 1647 475 1679 consistit
497 1649 614 1681 stabile

281 1694 379 1736 Legis
400 1698 636 1738 testamentum,

232 1742 285 1775 Da
308 1742 533 1778 indefectibile

280 1791 410 1824 Amoris
437 1797 642 1835 augmentum

233 1838 337 1872 Nobis
359 1840 454 1881 hujus
479 1843 614 1876 sedulae

280 1888 403 1922 Laudis
428 1898 488 1930 per
514 1895 713 1927 concentum.

231 1969 313 2010 Ave,
339 1971 396 2003 lux
422 1972 623 2005 credentium

280 2019 320 2051 In
346 2020 426 2052 coeli
450 2019 577 2062 fulgens
604 2022 696 2064 cella,

232 2066 333 2107 Quam
359 2068 416 2101 dat
440 2070 484 2102 ad
509 2070 660 2103 solatium

279 2115 405 2149 Mundo
429 2118 528 2151 maris
553 2120 659 2162 stella,

232 2162 370 2205 Largire
393 2167 596 2206 praesidium

282 2211 385 2245 Nobis
409 2214 443 2246 in
469 2216 624 2258 procella,

232 2260 329 2292 Acies
355 2271 428 2294 nam
454 2263 596 2296 hostium

281 2308 364 2342 Dira
385 2315 482 2351 parat
505 2312 603 2346 bella.

852 292 909 327 16.

851 713 907 746 17.

848 1133 904 1167 18.

848 1552 904 1587 19.

847 1977 905 2010 20.

935 293 1019 333 Ave,
1046 290 1255 324 seminarium

986 340 1083 373 Vitae
1107 338 1302 379 sanctitatis,

935 390 1092 423 Fructum
1118 387 1227 421 ferens
1254 387 1380 419 varium

986 437 1140 470 Cordium
1162 436 1197 468 in
1222 436 1338 477 pratis,

933 486 1059 519 Malum
1083 484 1297 518 multifarium

982 534 1123 567 Nostrae
1148 533 1322 574 pravitatis

933 581 1040 615 Aufer
1061 592 1123 624 per
1148 582 1318 614 donarium

982 632 1073 664 Tuae
1096 630 1239 672 pietatis

934 713 1016 756 Ave,
1044 713 1124 746 Jesu
1147 712 1277 756 millies,

980 762 1062 804 Ave,
1088 762 1134 794 mi
1161 761 1281 793 dilecte

933 810 1034 850 Quem
1060 811 1246 841 sanctorum
1271 809 1358 841 acies

981 857 1113 890 Laudat
1138 857 1383 899 circumspecte,

932 905 988 938 Ad
1015 906 1178 937 coelorum
1202 905 1322 937 limites

981 953 1091 985 Ducas
1116 962 1175 985 nos
1203 953 1336 994 directe,

931 1002 1000 1042 Quo
1025 1010 1085 1034 nos
1110 1004 1167 1034 tua
1191 999 1293 1033 facies

982 1049 1086 1082 Satiet
1109 1047 1267 1090 perfecte.

932 1133 1014 1173 Ave,
1041 1135 1156 1173 pastor
1180 1131 1319 1171 provide

982 1181 1098 1214 Ovium
1118 1183 1257 1221 tuarum,

935 1229 1020 1268 Quas
1046 1228 1186 1262 abduxit
1211 1228 1332 1261 calJide

981 1278 1139 1318 Princeps
1165 1276 1386 1320 tenebrarum,

932 1325 1001 1358 Nos
1028 1326 1155 1358 coronis
1180 1325 1355 1365 splendide

982 1374 1071 1407 Orna
1095 1373 1284 1416 gratiarum,

930 1422 1105 1456 Abluendo
1130 1421 1236 1455 nitide

980 1471 1011 1504 A
1037 1470 1129 1504 faece
1155 1470 1334 1511 culparum.

932 1555 1014 1594 Ave,
1039 1552 1113 1586 fons
1138 1553 1304 1594 scientiae,

982 1601 1091 1635 Corda
1114 1603 1258 1635 lustrans
1286 1602 1378 1646 dura,

921 1651 1009 1691 Quae
1035 1654 1128 1684 erant
1151 1651 1303 1683 inscitiae

979 1700 1068 1732 Vitio
1094 1708 1220 1740 casura,

933 1747 1076 1781 Nostrae
1099 1748 1304 1790 ignorantiae

981 1796 1079 1830 Solve
1102 1806 1162 1830 nos
1189 1800 1336 1839 captura,

931 1845 1022 1879 Tuae
1048 1845 1229 1887 sapientiae

981 1894 1144 1928 Reserans
1171 1893 1320 1927 obscura.

931 1977 1015 2018 Ave,
1043 1978 1098 2018 qui
1124 1986 1157 2010 es
1184 1978 1294 2018 specie

979 2026 1068 2058 Mire
1095 2026 1277 2069 decoratus,

932 2074 1043 2116 Atque
1069 2075 1162 2108 donis
1188 2075 1315 2116 gratiae

979 2124 1136 2156 Placidus
1162 2126 1196 2155 et
1220 2126 1342 2165 gratus,

931 2171 1101 2204 Moerores
1128 2171 1286 2205 ecclesiae

984 2219 1088 2252 Cerne
1111 2220 1297 2263 miseratus,

931 2269 1086 2301 Auctoris
1108 2269 1275 2310 nequitiae

980 2317 1083 2357 Quam
1106 2317 1245 2350 turbant
1269 2324 1414 2353 conatus,
