1656 2674
232 175 238 181 .
266 145 433 184 Bonorum
458 150 618 192 siquidem

317 202 445 233 creator
468 201 608 234 omnium

269 247 308 280 In
334 250 367 280 te
390 248 575 282 humanitus

314 298 454 337 sumpsit
476 297 615 339 initium,

269 345 331 386 Qui
355 354 433 378 suae
457 346 591 379 inclitae

314 394 429 427 mortis
454 403 514 435 per
541 395 682 428 crucium

265 441 370 476 Nobis
397 451 469 475 cum
497 443 625 476 coelicis

317 491 373 524 det
396 491 614 532 participium.

231 594 237 603 .
267 565 586 613 Gongratulantibus,

313 620 418 650 mater
441 617 570 659 eximia,

265 665 344 699 Tuis
367 666 551 707 praeconiis

313 717 447 756 praesta
472 713 634 757 suffragia,

264 762 311 796 Et
331 763 530 803 patientibus

314 811 428 845 mundi
454 809 625 853 naufragia

264 859 336 893 Tua
359 860 542 902 benignitas

316 909 415 942 donet
440 908 567 941 solatia.

230 1010 238 1019 .
265 982 317 1019 Da
341 996 459 1027 panem
486 987 640 1019 coelicum

316 1034 541 1075 esurientibus,

260 1083 298 1115 In
323 1083 388 1115 tuis
412 1083 542 1116 domina

311 1131 433 1172 pistum
459 1131 649 1174 visceribus,

262 1179 309 1212 Et
332 1180 428 1220 hujus
451 1180 583 1221 porrige

310 1231 439 1269 partem
465 1228 600 1261 celerius

263 1276 302 1309 In
326 1276 510 1318 purgatorii

312 1325 425 1366 poenis
447 1326 488 1358 de
511 1325 669 1365 gentibus.

230 1429 236 1436 .
265 1399 391 1436 Eodem
416 1403 554 1444 mystice

313 1459 398 1492 pane
423 1450 579 1490 reficitur,

262 1498 322 1539 Qui
348 1499 599 1540 baptismalibus

310 1548 402 1589 aquis
428 1548 581 1593 abluitur,

262 1596 550 1630 sacramentaliter

306 1646 366 1678 sed
394 1645 457 1679 hoc
482 1645 673 1690 replebitur,

260 1694 383 1727 Amore
410 1694 521 1727 debito

309 1752 378 1775 cum
406 1743 477 1785 quis
502 1742 692 1784 replebitur.

224 1841 232 1849 .
259 1812 339 1857 Fae,
366 1820 471 1849 mater
496 1816 630 1857 gratiae,

306 1874 364 1897 nos
392 1865 500 1898 tristes
523 1864 668 1898 homines

260 1912 388 1946 Sentire
413 1913 549 1955 largiter

306 1966 378 1996 tuas
404 1962 605 2003 dulcedineS,

259 2011 390 2044 Pellens
416 2011 599 2052 benigniter

306 2059 550 2103 amaritudines,

257 2107 451 2142 Nostrorum
479 2109 648 2141 criminum

306 2157 451 2200 undique
475 2158 632 2191 turbines.

220 2258 227 2266 .
257 2226 405 2265 Grandis
431 2240 507 2265 nam
531 2230 676 2274 undique

300 2281 403 2313 instat
425 2280 580 2324 turbatio,

254 2329 346 2362 Intus
374 2330 579 2372 disturbium,

307 2377 387 2412 foris
413 2380 565 2420 vastatio,

818 53 887 90 119
938 74 987 79 —-

908 379 939 413 8.

883 1211 940 1245 10.

882 1623 938 1657 11.

880 2038 937 2073 12.

967 153 1218 187 Elementalium

1015 203 1098 235 mira
1122 203 1266 244 mutatio,

967 251 1005 284 In
1033 251 1237 284 conscientiis

1015 300 1101 333 mira
1126 298 1280 334 confusio.

966 374 1070 418 Hujus
1098 377 1259 418 disturbii,

1013 429 1050 459 ut
1075 427 1168 468 vulgo
1196 426 1326 466 dicitur,

968 474 1055 508 Onus
1080 474 1314 515 permaximum

1015 524 1101 556 clero
1125 524 1311 564 imponitur,

968 572 1187 605 Delectabilia

1012 629 1088 652 nam
1112 620 1207 652 nimis
1232 620 1397 661 sequimur

965 667 1010 701 Et
1035 678 1054 701 a
1078 668 1230 701 theoricis

1017 717 1065 749 ita
1088 717 1292 750 astrahimur.

966 791 1077 829 Imbre
1101 793 1283 828 infunderis

1017 844 1092 876 dum
1118 843 1198 875 coeli
1223 843 1345 884 rorido,

966 890 1100 930 Fructu,
1127 894 1162 923 tu
1187 892 1305 932 rosula,

1013 939 1142 972 fulciris
1166 938 1292 981 florido,

969 987 1038 1021 Tuo
1064 987 1236 1020 subvenias

1014 1040 1151 1077 precatu
1174 1036 1284 1069 vivido

966 1084 1051 1117 Mihi
1075 1084 1257 1117 mortaliter

1014 1133 1157 1173 peccatis
1183 1132 1342 1166 morbido.

966 1206 1121 1245 Karisma
1146 1210 1280 1250 spiritus

1015 1259 1119 1291 sancti
1144 1258 1348 1301 propensius,

969 1306 993 1340 O
1020 1309 1133 1350 mater,
1161 1307 1300 1348 impetra

1016 1359 1050 1387 te
1074 1355 1313 1397 venerantibus,

966 1403 1004 1436 In
1031 1404 1083 1436 via
1108 1403 1238 1437 Domini

1013 1461 1074 1493 quo
1100 1452 1222 1484 vadant
1246 1452 1368 1484 rectius

966 1500 1012 1534 Et
1038 1504 1153 1533 cuncta
1177 1500 1312 1532 crimina

1016 1548 1181 1582 declinent
1207 1549 1340 1583 cautius.

964 1618 1152 1663 Languores
1179 1622 1259 1662 ejice

1013 1671 1194 1711 mentisque
1218 1670 1379 1714 nebulam,

967 1718 1191 1754 Constractam
1215 1720 1356 1761 turpiter

1013 1776 1072 1809 per
1097 1768 1213 1808 culpae
1237 1768 1408 1809 maculam,

965 1816 1011 1850 Et
1034 1817 1158 1849 cunctis
1184 1816 1326 1849 credulis

1012 1865 1136 1898 redona
1160 1865 1307 1907 gloriam,

966 1915 1031 1948 Per
1055 1913 1160 1947 Evam
1186 1914 1336 1954 primitus

1015 1966 1047 1995 et
1070 1962 1179 1996 Adam
1202 1962 1377 2004 perditam.

963 2034 1091 2072 Minera
1117 2036 1208 2077 aperi

1013 2088 1089 2118 tuae
1112 2086 1288 2126 potentiae,

962 2134 1120 2168 Abundas
1147 2133 1287 2174 pleniter

1014 2191 1097 2224 quae
1123 2182 1215 2215 donis
1241 2182 1375 2226 gratiae,

962 2232 1009 2266 Et
1031 2232 1171 2273 amplam
1198 2231 1325 2264 foveam

1012 2282 1115 2314 omnis
1140 2280 1290 2314 miseriae

964 2329 1146 2365 Praeclude
1170 2328 1247 2363 filiis

1013 2379 1127 2411 matn's
1154 2379 1319 2413 ecclesiae.
