1656 2674
165 184 221 217 32.

162 646 219 679 33.

157 1045 213 1078 34.

154 1445 209 1478 35.

153 1847 208 1880 36.

150 2250 207 2283 37.

247 181 337 224 Ergo
364 181 524 214 ditissima

282 230 435 270 largitrix
456 230 593 274 gratiae,

250 277 448 311 Corruscans
474 278 575 310 oculis

295 334 335 358 ae
357 326 496 367 pulchra
521 324 614 367 facie,

246 374 277 407 A
301 377 378 406 nato
402 374 544 415 impetra

293 422 373 454 mihi
398 423 554 455 scientiae

245 470 384 511 Donum,
412 480 473 512 quo
501 470 630 503 efferam

293 522 327 551 te
351 520 469 559 hymno
494 520 586 552 satie.

264 593 485 631 Capitulum
509 598 692 631 quartum.

246 643 342 676 Nunc
368 652 454 687 ergo,
484 644 623 688 domina,

294 701 375 733 quae
401 693 573 734 gloriosior

243 740 328 773 Prae
352 741 476 773 cunetis
501 742 621 774 sanctis
648 750 682 774 es

290 797 329 821 ac
353 789 559 831 laudabilior,

242 836 366 870 Notare
391 838 521 870 nomina

289 885 409 918 Laetus
435 886 618 927 subordior,

242 933 331 972 Quae
358 938 453 975 togae
480 936 623 967 continet,

290 991 347 1014 ora
373 983 526 1017 anterior.

240 1042 314 1075 Hac
337 1045 476 1084 primum
502 1046 611 1086 reperi

288 1101 405 1125 nomen
429 1094 606 1137 exordium,

240 1140 331 1180 9110(1
357 1142 464 1173 10011111
491 1151 665 1183 congluum

286 1191 376 1221 tenet
402 1190 602 1234 primarium,

238 1235 287 1268 Eo
314 1237 400 1277 quod
425 1239 539 1270 salutis
565 1239 609 1271 sis

287 1288 418 1318 nostrae
442 1287 579 1328 initium,

238 1332 302 1365 Per
327 1344 422 1374 quam
449 1336 674 1376 consequimur

285 1382 425 1421 primum
449 1383 657 1425 principium.

237 1443 323 1476 Nam
348 1454 381 1477 es
406 1447 567 1479 veraciter

285 1493 321 1525 id
347 1495 580 1539 consistorium,

237 1541 276 1573 In
302 1550 363 1581 quo
390 1546 583 1584 completum
610 1548 660 1577 est

284 1589 365 1623 illud
393 1592 571 1630 consilium,

236 1637 305 1677 9110
330 1642 425 1679 pater
449 1642 572 1684 statuit,

285 1687 478 1721 mittendum
504 1690 606 1722 filium

235 1734 385 1768 Humano
411 1739 521 1778 generi

283 1784 317 1816 111
343 1785 549 1825 adjutorium.

236 1845 261 1879 O
291 1847 403 1880 domus
429 1858 537 1891 aurea,

272 1904 367 1935 quain
392 1897 499 1937 pictor
526 1899 661 1932 coelitus

237 1943 369 1977 Cunctis
394 1946 558 1979 subtiliter

283 1992 391 2032 pinxit
415 1994 601 2036 virtutibus,

235 2039 281 2073 Ut
306 2050 367 2073 nec
391 2043 426 2074 in
448 2044 571 2084 angelis

282 2098 343 2121 1100
366 2090 400 2123 111
425 2091 608 2126 hominibus

234 2136 310 2169 Tibi
335 2138 379 2170 511
402 2140 516 2173 similis

281 2186 315 2217 in
340 2188 452 2221 mundi
477 2190 636 2230 partibus,

234 2248 259 2282 O
282 2248 345 2281 Dei
370 2251 483 2284 civitas

282 2307 395 2331 carens
420 2301 603 2346 putredine,

222 2345 291 2385 Qua
315 2347 498 2381 celebratae
522 2354 598 2383 sunt

282 2395 436 2429 coelestes
466 2399 640 2441 nundinae,

716 82 958 119 —74-

863 405 919 437 38.

860 821 917 854 39.

856 1237 913 1270 40.

853 1650 909 1683 41.

851 2065 908 2098 42.

946 179 1026 213 Mox
1052 188 1187 220 quarum
1213 178 1339 210 animas

996 228 1104 268 replet
1130 226 1315 267 dulcedine,

937 276 1102 310 Conserva
1128 275 1278 308 credulos

996 334 1016 357 a
1041 325 1154 357 mundi
1178 323 1319 357 turbine.

947 403 997 435 Tu
1025 401 1061 434 id
1087 401 1257 434 castellum
1283 410 1317 433 es

994 459 1124 483 sumens
1150 451 1184 482 in
1210 450 1373 491 hospitem

947 500 1112 534 Christum
1137 499 1172 531 in
1194 498 1314 531 infimis

993 550 1130 589 propter
1154 557 1213 580 nos
1240 547 1396 588 exsulem,

945 597 1002 630 Me
1026 605 1176 638 pressum
1202 596 1291 628 vitiis

995 648 1028 678 et
1050 645 1144 678 bonis
1169 645 1300 685 inopem

944 694 1062 727 Redde
1086 702 1147 735 per
1172 694 1281 726 omnia

994 741 1294 775 inconfuscabilem.

946 820 970 853 O
998 820 1073 853 aula
1099 820 1220 852 coelico

993 877 1093 909 regno
1119 868 1315 909 gratissima,

943 918 1045 958 Quam
1076 917 1329 958 designaverant

992 966 1114 998 coelica
1140 966 1285 1006 exordia,

942 1014 990 1046 Te
1014 1014 1246 1047 venerantibus

992 1062 1043 1095 fer
1068 1063 1243 1106 adjutoria,

941 1111 1026 1152 Quos
1052 1111 1155 1143 hostis
1184 1111 1309 1151 decipit

990 1158 1080 1192 fraus
1105 1159 1289 1200 plurifaria.

940 1237 991 1269 Tu
1015 1238 1100 1270 illud
1125 1236 1235 1269 nobile

988 1286 1244 1326 reclinatorium,

938 1334 1006 1374 Quo
1034 1334 1182 1368 Christus
1208 1335 1314 1375 spatio

988 1386 1038 1415 ter
1063 1384 1162 1415 trium
1188 1384 1348 1416 mensium

937 1432 1093 1465 Pausavit
1119 1432 1259 1465 hominis

988 1480 1028 1513 ob
1055 1481 1265 1521 adjutorium,

937 1528 984 1561 Ut
1009 1529 1096 1561 hunc
1119 1530 1305 1570 rejungeret

988 1577 1095 1610 choris
1122 1579 1321 1611 coelestium.

938 1648 1057 1691 Sicque
1083 1651 1237 1684 conclave
1263 1660 1296 1683 es

988 1699 1072 1732 illud
1099 1703 1132 1731 et
1156 1700 1330 1741 thalamus,

937 1748 1006 1788 9110
1033 1748 1216 1781 celebratae
1243 1752 1319 1781 sunt

985 1797 1120 1838 nuptiae
1145 1798 1293 1839 coelitus,

937 1845 1060 1885 Quibus
1087 1847 1245 1879 ecclesiae

988 1895 1086 1927 decus
1112 1895 1290 1928 altissimus

938 1942 1068 1983 Nupsit,
1098 1952 1170 1976 cum
1196 1945 1300 1977 voluit

985 1992 1076 2024 nasci
1100 1992 1297 2028 humanitus

936 2066 988 2099 Tu
1013 2066 1260 2101 tabernaculum

986 2114 1089 2148 divini
1115 2114 1270 2158 foederis,

933 2163 974 2195 111
1000 2172 1061 2203 quo
1090 2165 1289 2198 describitur

983 2211 1116 2245 humani
1142 2215 1271 2256 generis

922 2260 1065 2294 Vivendi
1093 2264 1253 2306 normula,

985 2318 1049 2349 qua
1071 2311 1164 2352 jungi
1190 2315 1318 2354 superis

919 2357 1034 2390 Potest
1058 2359 1224 2394 solemniis

970 2408 1139 2448 completis
1166 2409 1300 2447 funeris.
