<?xml version="1.0" encoding="UTF-8"?>
<!DOCTYPE html PUBLIC "-//W3C//DTD XHTML 1.0 Transitional//EN"
    "http://www.w3.org/TR/xhtml1/DTD/xhtml1-transitional.dtd">
<html xmlns="http://www.w3.org/1999/xhtml" xml:lang="en" lang="en">
 <head>
  <title>
</title>
<meta http-equiv="Content-Type" content="text/html;charset=utf-8" />
  <meta name='ocr-system' content='tesseract 3.04.00' />
  <meta name='ocr-capabilities' content='ocr_page ocr_carea ocr_par ocr_line ocrx_word'/>
</head>
<body>
  <div class='ocr_page' id='page_1' title='image "./analectahymnica06drevuoft_00042.png"; bbox 0 0 1656 2674; ppageno 0'>
   <div class='ocr_carea' id='block_1_1' title="bbox 235 212 775 593">
    <p class='ocr_par' dir='ltr' id='par_1_1' title="bbox 235 212 624 256">
     <span class='ocr_line' id='line_1_1' title="bbox 235 212 624 256; baseline -0.003 -10"><span class='ocrx_word' id='word_1_1' title='bbox 235 212 292 246; x_wconf 87' lang='grc'>11.</span> <span class='ocrx_word' id='word_1_2' title='bbox 319 213 405 256; x_wconf 80' lang='lat' dir='ltr'>Ave,</span> <span class='ocrx_word' id='word_1_3' title='bbox 433 212 624 246; x_wconf 86' lang='lat' dir='ltr'>beatificans</span> 
     </span>
    </p>

    <p class='ocr_par' dir='ltr' id='par_1_2' title="bbox 368 261 696 303">
     <span class='ocr_line' id='line_1_2' title="bbox 368 261 696 303; baseline 0 -9"><span class='ocrx_word' id='word_1_4' title='bbox 368 261 478 294; x_wconf 83' lang='lat' dir='ltr'>Decus</span> <span class='ocrx_word' id='word_1_5' title='bbox 505 262 696 303; x_wconf 85' lang='lat' dir='ltr'>animarum,</span> 
     </span>
    </p>

    <p class='ocr_par' dir='ltr' id='par_1_3' title="bbox 320 309 775 400">
     <span class='ocr_line' id='line_1_3' title="bbox 320 309 775 352; baseline 0.004 -10"><span class='ocrx_word' id='word_1_6' title='bbox 320 309 527 352; x_wconf 86' lang='lat' dir='ltr'>Mortemque</span> <span class='ocrx_word' id='word_1_7' title='bbox 557 311 775 344; x_wconf 76' lang='lat' dir='ltr'>exterminans</span> 
     </span>
     <span class='ocr_line' id='line_1_4' title="bbox 371 358 661 400; baseline 0 -8"><span class='ocrx_word' id='word_1_8' title='bbox 371 358 661 400; x_wconf 76' lang='lat' dir='ltr'>Conscientiamm,</span> 
     </span>
    </p>

    <p class='ocr_par' dir='ltr' id='par_1_4' title="bbox 319 406 698 498">
     <span class='ocr_line' id='line_1_5' title="bbox 319 406 698 450; baseline 0 -10"><span class='ocrx_word' id='word_1_9' title='bbox 319 407 400 440; x_wconf 88' lang='lat' dir='ltr'>Esto</span> <span class='ocrx_word' id='word_1_10' title='bbox 426 417 485 441; x_wconf 90' lang='lat' dir='ltr'>nos</span> <span class='ocrx_word' id='word_1_11' title='bbox 510 406 698 450; x_wconf 82' lang='lat' dir='ltr'>gratificans</span> 
     </span>
     <span class='ocr_line' id='line_1_6' title="bbox 368 456 689 498; baseline -0.003 -9"><span class='ocrx_word' id='word_1_12' title='bbox 368 456 473 489; x_wconf 89' lang='lat' dir='ltr'>Donis</span> <span class='ocrx_word' id='word_1_13' title='bbox 499 456 689 498; x_wconf 83' lang='lat' dir='ltr'>gratiarum,</span> 
     </span>
    </p>

    <p class='ocr_par' dir='ltr' id='par_1_5' title="bbox 321 503 743 593">
     <span class='ocr_line' id='line_1_7' title="bbox 321 503 743 544; baseline 0 -7"><span class='ocrx_word' id='word_1_14' title='bbox 321 504 408 544; x_wconf 76' lang='lat' dir='ltr'>Quos</span> <span class='ocrx_word' id='word_1_15' title='bbox 434 503 547 538; x_wconf 85' lang='lat' dir='ltr'>foedat</span> <span class='ocrx_word' id='word_1_16' title='bbox 571 503 743 537; x_wconf 81' lang='lat' dir='ltr'>tabificans</span> 
     </span>
     <span class='ocr_line' id='line_1_8' title="bbox 369 553 729 593; baseline 0 -6"><span class='ocrx_word' id='word_1_17' title='bbox 369 553 523 587; x_wconf 86' lang='lat' dir='ltr'>Pravitas</span> <span class='ocrx_word' id='word_1_18' title='bbox 551 553 729 593; x_wconf 83' lang='lat' dir='ltr'>culparum.</span> 
     </span>
    </p>
   </div>
   <div class='ocr_carea' id='block_1_2' title="bbox 945 215 1505 597">
    <p class='ocr_par' dir='ltr' id='par_1_6' title="bbox 945 215 1395 256">
     <span class='ocr_line' id='line_1_9' title="bbox 945 215 1395 256; baseline -0.002 -6"><span class='ocrx_word' id='word_1_19' title='bbox 945 216 1001 250; x_wconf 83' lang='lat'>12.</span> <span class='ocrx_word' id='word_1_20' title='bbox 1028 216 1111 256; x_wconf 88' lang='lat' dir='ltr'>Ave,</span> <span class='ocrx_word' id='word_1_21' title='bbox 1140 215 1191 247; x_wconf 73' lang='lat' dir='ltr'>eui</span> <span class='ocrx_word' id='word_1_22' title='bbox 1218 216 1395 249; x_wconf 82' lang='lat' dir='ltr'>carminum</span> 
     </span>
    </p>

    <p class='ocr_par' dir='ltr' id='par_1_7' title="bbox 1078 264 1363 306">
     <span class='ocr_line' id='line_1_10' title="bbox 1078 264 1363 306; baseline -0.007 -7"><span class='ocrx_word' id='word_1_23' title='bbox 1078 264 1185 299; x_wconf 86' lang='lat' dir='ltr'>Offero</span> <span class='ocrx_word' id='word_1_24' title='bbox 1211 264 1363 306; x_wconf 81' lang='lat' dir='ltr'>libamen,</span> 
     </span>
    </p>

    <p class='ocr_par' dir='ltr' id='par_1_8' title="bbox 1028 313 1505 404">
     <span class='ocr_line' id='line_1_11' title="bbox 1028 313 1473 353; baseline -0.004 -7"><span class='ocrx_word' id='word_1_25' title='bbox 1028 313 1076 346; x_wconf 88' lang='lat' dir='ltr'>Te</span> <span class='ocrx_word' id='word_1_26' title='bbox 1102 322 1173 346; x_wconf 89' lang='lat' dir='ltr'>cum</span> <span class='ocrx_word' id='word_1_27' title='bbox 1198 316 1293 353; x_wconf 85' lang='lat' dir='ltr'>patre</span> <span class='ocrx_word' id='word_1_28' title='bbox 1317 314 1473 346; x_wconf 89' lang='lat' dir='ltr'>luminum</span> 
     </span>
     <span class='ocr_line' id='line_1_12' title="bbox 1075 361 1505 404; baseline -0.002 -9"><span class='ocrx_word' id='word_1_29' title='bbox 1075 361 1230 395; x_wconf 86' lang='lat' dir='ltr'>Laudans</span> <span class='ocrx_word' id='word_1_30' title='bbox 1256 364 1353 404; x_wconf 82' lang='lat' dir='ltr'>atque</span> <span class='ocrx_word' id='word_1_31' title='bbox 1377 361 1505 403; x_wconf 81' lang='lat' dir='ltr'>flamen,</span> 
     </span>
    </p>

    <p class='ocr_par' dir='ltr' id='par_1_9' title="bbox 1025 410 1471 501">
     <span class='ocr_line' id='line_1_13' title="bbox 1025 410 1471 452; baseline 0 -9"><span class='ocrx_word' id='word_1_32' title='bbox 1025 410 1119 452; x_wconf 85' lang='lat' dir='ltr'>Dele,</span> <span class='ocrx_word' id='word_1_33' title='bbox 1144 419 1274 452; x_wconf 85' lang='lat' dir='ltr'>quaeso,</span> <span class='ocrx_word' id='word_1_34' title='bbox 1303 411 1471 443; x_wconf 87' lang='lat' dir='ltr'>criminum</span> 
     </span>
     <span class='ocr_line' id='line_1_14' title="bbox 1072 459 1409 501; baseline 0 -10"><span class='ocrx_word' id='word_1_35' title='bbox 1072 459 1224 492; x_wconf 76' lang='lat' dir='ltr'>Meorum</span> <span class='ocrx_word' id='word_1_36' title='bbox 1251 461 1409 501; x_wconf 85' lang='lat' dir='ltr'>atramen,</span> 
     </span>
    </p>

    <p class='ocr_par' dir='ltr' id='par_1_10' title="bbox 1025 507 1480 597">
     <span class='ocr_line' id='line_1_15' title="bbox 1025 507 1480 548; baseline 0 -7"><span class='ocrx_word' id='word_1_37' title='bbox 1025 507 1073 541; x_wconf 85' lang='lat' dir='ltr'>Ut</span> <span class='ocrx_word' id='word_1_38' title='bbox 1094 509 1172 548; x_wconf 82' lang='lat' dir='ltr'>post</span> <span class='ocrx_word' id='word_1_39' title='bbox 1195 507 1283 540; x_wconf 89' lang='lat' dir='ltr'>vitae</span> <span class='ocrx_word' id='word_1_40' title='bbox 1307 508 1480 541; x_wconf 84' lang='lat' dir='ltr'>terminum</span> 
     </span>
     <span class='ocr_line' id='line_1_16' title="bbox 1075 555 1468 597; baseline 0.003 -9"><span class='ocrx_word' id='word_1_41' title='bbox 1075 555 1150 589; x_wconf 88' lang='lat' dir='ltr'>Tibi</span> <span class='ocrx_word' id='word_1_42' title='bbox 1173 555 1300 597; x_wconf 85' lang='lat' dir='ltr'>jungar.</span> <span class='ocrx_word' id='word_1_43' title='bbox 1351 557 1468 589; x_wconf 81' lang='lat' dir='ltr'>Amen.</span> 
     </span>
    </p>
   </div>
   <div class='ocr_carea' id='block_1_3' title="bbox 234 628 1583 703">
    <p class='ocr_par' dir='ltr' id='par_1_11' title="bbox 234 628 1583 703">
     <span class='ocr_line' id='line_1_17' title="bbox 314 628 1583 667; baseline 0.003 -10"><span class='ocrx_word' id='word_1_44' title='bbox 314 630 395 658; x_wconf 80' lang='lat' dir='ltr'>Orat.</span> <span class='ocrx_word' id='word_1_45' title='bbox 417 639 472 658; x_wconf 88' lang='lat' dir='ltr'>ms.</span> <span class='ocrx_word' id='word_1_46' title='bbox 492 630 634 667; x_wconf 85' lang='lat' dir='ltr'>Tegurin.</span> <span class='ocrx_word' id='word_1_47' title='bbox 656 638 733 657; x_wconf 81' lang='lat' dir='ltr'>saec.</span> <span class='ocrx_word' id='word_1_48' title='bbox 757 628 802 659; x_wconf 79' lang='lat'>13.</span> <span class='ocrx_word' id='word_1_49' title='bbox 825 632 898 659; x_wconf 78' lang='lat' dir='ltr'>Cim.</span> <span class='ocrx_word' id='word_1_50' title='bbox 920 631 1038 659; x_wconf 64' lang='lat' dir='ltr'>Monac.</span> <span class='ocrx_word' id='word_1_51' title='bbox 1062 630 1097 661; x_wconf 87' lang='lat'>19</span> <span class='ocrx_word' id='word_1_52' title='bbox 1108 629 1167 661; x_wconf 83' lang='lat'>824</span> <span class='ocrx_word' id='word_1_53' title='bbox 1189 631 1239 660; x_wconf 84' lang='lat' dir='ltr'>fol.</span> <span class='ocrx_word' id='word_1_54' title='bbox 1261 630 1318 659; x_wconf 87' lang='grc'>222</span> <span class='ocrx_word' id='word_1_55' title='bbox 1340 641 1366 660; x_wconf 55' lang='lat' dir='ltr'>a.</span> <span class='ocrx_word' id='word_1_56' title='bbox 1387 634 1422 661; x_wconf 70' lang='lat' dir='ltr'>A.</span> <span class='ocrx_word' id='word_1_57' title='bbox 1502 636 1583 661; x_wconf 74' lang='lat' dir='ltr'>Orat.</span> 
     </span>
     <span class='ocr_line' id='line_1_18' title="bbox 234 667 1041 703; baseline 0.001 -6"><span class='ocrx_word' id='word_1_58' title='bbox 234 678 292 698; x_wconf 59' lang='lat' dir='ltr'>ms.</span> <span class='ocrx_word' id='word_1_59' title='bbox 310 669 452 703; x_wconf 66' lang='lat' dir='ltr'>Tegurin.</span> <span class='ocrx_word' id='word_1_60' title='bbox 475 677 552 697; x_wconf 74' lang='lat' dir='ltr'>saec.</span> <span class='ocrx_word' id='word_1_61' title='bbox 576 667 621 697; x_wconf 84' lang='lat'>15.</span> <span class='ocrx_word' id='word_1_62' title='bbox 645 667 718 696; x_wconf 84' lang='lat' dir='ltr'>Clm.</span> <span class='ocrx_word' id='word_1_63' title='bbox 739 669 857 698; x_wconf 80' lang='lat' dir='ltr'>Monac.</span> <span class='ocrx_word' id='word_1_64' title='bbox 880 667 917 698; x_wconf 89' lang='grc'>20</span> <span class='ocrx_word' id='word_1_65' title='bbox 926 668 981 698; x_wconf 86' lang='grc'>001</span> <span class='ocrx_word' id='word_1_66' title='bbox 1005 670 1041 698; x_wconf 84' lang='grc' dir='ltr'>Β.</span> 
     </span>
    </p>
   </div>
   <div class='ocr_carea' id='block_1_4' title="bbox 768 792 1051 826">
    <p class='ocr_par' dir='ltr' id='par_1_12' title="bbox 768 792 1051 826">
     <span class='ocr_line' id='line_1_19' title="bbox 768 792 1051 826; baseline 0 -1"><span class='ocrx_word' id='word_1_67' title='bbox 768 793 796 825; x_wconf 97' lang='grc'>8.</span> <span class='ocrx_word' id='word_1_68' title='bbox 839 792 886 826; x_wconf 87' lang='lat' dir='ltr'>Ad</span> <span class='ocrx_word' id='word_1_69' title='bbox 908 793 1051 825; x_wconf 83' lang='lat' dir='ltr'>eundem.</span> 
     </span>
    </p>
   </div>
   <div class='ocr_carea' id='block_1_5' title="bbox 232 873 810 1351">
    <p class='ocr_par' dir='ltr' id='par_1_13' title="bbox 232 873 717 916">
     <span class='ocr_line' id='line_1_20' title="bbox 232 873 717 916; baseline 0 -9"><span class='ocrx_word' id='word_1_70' title='bbox 232 874 250 907; x_wconf 86' lang='lat'>1</span> <span class='ocrx_word' id='word_1_71' title='bbox 291 873 395 906; x_wconf 87' lang='lat' dir='ltr'>Amor</span> <span class='ocrx_word' id='word_1_72' title='bbox 420 882 521 915; x_wconf 86' lang='lat' dir='ltr'>meus,</span> <span class='ocrx_word' id='word_1_73' title='bbox 548 874 628 907; x_wconf 80' lang='lat' dir='ltr'>Jesu</span> <span class='ocrx_word' id='word_1_74' title='bbox 653 875 717 916; x_wconf 84' lang='lat' dir='ltr'>pie,</span> 
     </span>
    </p>

    <p class='ocr_par' dir='ltr' id='par_1_14' title="bbox 289 921 668 964">
     <span class='ocr_line' id='line_1_21' title="bbox 289 921 668 964; baseline 0 -9"><span class='ocrx_word' id='word_1_75' title='bbox 289 921 357 955; x_wconf 86' lang='lat' dir='ltr'>Fili</span> <span class='ocrx_word' id='word_1_76' title='bbox 381 921 446 954; x_wconf 89' lang='lat' dir='ltr'>Dei</span> <span class='ocrx_word' id='word_1_77' title='bbox 472 925 506 955; x_wconf 76' lang='lat' dir='ltr'>et,</span> <span class='ocrx_word' id='word_1_78' title='bbox 530 922 668 964; x_wconf 86' lang='lat' dir='ltr'>Mariae,</span> 
     </span>
    </p>

    <p class='ocr_par' dir='ltr' id='par_1_15' title="bbox 288 970 733 1013">
     <span class='ocr_line' id='line_1_22' title="bbox 288 970 733 1013; baseline 0 -9"><span class='ocrx_word' id='word_1_79' title='bbox 288 970 387 1004; x_wconf 80' lang='lat' dir='ltr'>Meae</span> <span class='ocrx_word' id='word_1_80' title='bbox 414 971 530 1004; x_wconf 86' lang='lat' dir='ltr'>ductor</span> <span class='ocrx_word' id='word_1_81' title='bbox 556 973 625 1004; x_wconf 77' lang='lat' dir='ltr'>esto</span> <span class='ocrx_word' id='word_1_82' title='bbox 650 972 733 1013; x_wconf 90' lang='lat' dir='ltr'>viae,</span> 
     </span>
    </p>

    <p class='ocr_par' dir='ltr' id='par_1_16' title="bbox 291 1018 764 1108">
     <span class='ocr_line' id='line_1_23' title="bbox 291 1018 764 1058; baseline 0.004 -7"><span class='ocrx_word' id='word_1_83' title='bbox 291 1018 361 1058; x_wconf 70' lang='lat' dir='ltr'>Qua</span> <span class='ocrx_word' id='word_1_84' title='bbox 386 1019 539 1052; x_wconf 82' lang='lat' dir='ltr'>incedam</span> <span class='ocrx_word' id='word_1_85' title='bbox 563 1020 626 1052; x_wconf 86' lang='lat' dir='ltr'>hac</span> <span class='ocrx_word' id='word_1_86' title='bbox 649 1020 685 1052; x_wconf 85' lang='lat' dir='ltr'>in</span> <span class='ocrx_word' id='word_1_87' title='bbox 711 1021 764 1053; x_wconf 89' lang='lat' dir='ltr'>die</span> 
     </span>
     <span class='ocr_line' id='line_1_24' title="bbox 339 1067 655 1108; baseline 0.009 -9"><span class='ocrx_word' id='word_1_88' title='bbox 339 1067 411 1100; x_wconf 87' lang='lat' dir='ltr'>Tua</span> <span class='ocrx_word' id='word_1_89' title='bbox 435 1068 655 1108; x_wconf 87' lang='lat' dir='ltr'>providentia.</span> 
     </span>
    </p>

    <p class='ocr_par' dir='ltr' id='par_1_17' title="bbox 288 1115 670 1150">
     <span class='ocr_line' id='line_1_25' title="bbox 288 1115 670 1150; baseline -0.005 0"><span class='ocrx_word' id='word_1_90' title='bbox 288 1115 378 1150; x_wconf 85' lang='lat' dir='ltr'>Ecce</span> <span class='ocrx_word' id='word_1_91' title='bbox 403 1115 497 1149; x_wconf 85' lang='lat' dir='ltr'>furor</span> <span class='ocrx_word' id='word_1_92' title='bbox 521 1116 670 1150; x_wconf 87' lang='lat' dir='ltr'>leoninus</span> 
     </span>
    </p>

    <p class='ocr_par' dir='ltr' id='par_1_18' title="bbox 289 1164 798 1206">
     <span class='ocr_line' id='line_1_26' title="bbox 289 1164 798 1206; baseline 0 -8"><span class='ocrx_word' id='word_1_93' title='bbox 289 1164 412 1205; x_wconf 85' lang='lat' dir='ltr'>Saevit,</span> <span class='ocrx_word' id='word_1_94' title='bbox 441 1165 535 1197; x_wconf 89' lang='lat' dir='ltr'>dolus</span> <span class='ocrx_word' id='word_1_95' title='bbox 561 1164 620 1198; x_wconf 87' lang='lat' dir='ltr'>sed</span> <span class='ocrx_word' id='word_1_96' title='bbox 647 1166 798 1206; x_wconf 87' lang='lat' dir='ltr'>vulpinus</span> 
     </span>
    </p>

    <p class='ocr_par' dir='ltr' id='par_1_19' title="bbox 287 1213 745 1256">
     <span class='ocr_line' id='line_1_27' title="bbox 287 1213 745 1256; baseline 0 -10"><span class='ocrx_word' id='word_1_97' title='bbox 287 1213 387 1246; x_wconf 81' lang='lat' dir='ltr'>Latet</span> <span class='ocrx_word' id='word_1_98' title='bbox 412 1215 511 1254; x_wconf 84' lang='lat' dir='ltr'>atque</span> <span class='ocrx_word' id='word_1_99' title='bbox 538 1213 745 1256; x_wconf 86' lang='lat' dir='ltr'>draconinus,</span> 
     </span>
    </p>

    <p class='ocr_par' dir='ltr' id='par_1_20' title="bbox 287 1261 810 1351">
     <span class='ocr_line' id='line_1_28' title="bbox 287 1261 810 1304; baseline 0 -9"><span class='ocrx_word' id='word_1_100' title='bbox 287 1261 386 1295; x_wconf 82' lang='lat' dir='ltr'>Unde</span> <span class='ocrx_word' id='word_1_101' title='bbox 412 1262 527 1294; x_wconf 87' lang='lat' dir='ltr'>cadam</span> <span class='ocrx_word' id='word_1_102' title='bbox 552 1270 639 1295; x_wconf 89' lang='lat' dir='ltr'>nunc</span> <span class='ocrx_word' id='word_1_103' title='bbox 664 1263 810 1304; x_wconf 84' lang='lat' dir='ltr'>supinus,</span> 
     </span>
     <span class='ocr_line' id='line_1_29' title="bbox 335 1309 735 1351; baseline 0.008 -10"><span class='ocrx_word' id='word_1_104' title='bbox 335 1309 383 1342; x_wconf 79' lang='lat' dir='ltr'>Ni</span> <span class='ocrx_word' id='word_1_105' title='bbox 407 1310 497 1343; x_wconf 88' lang='lat' dir='ltr'>adsis</span> <span class='ocrx_word' id='word_1_106' title='bbox 523 1319 594 1343; x_wconf 94' lang='grc'>011111</span> <span class='ocrx_word' id='word_1_107' title='bbox 620 1311 735 1351; x_wconf 82' lang='lat' dir='ltr'>gratia.</span> 
     </span>
    </p>
   </div>
   <div class='ocr_carea' id='block_1_6' title="bbox 228 1380 258 1412">
    <p class='ocr_par' dir='ltr' id='par_1_21' title="bbox 228 1380 258 1412">
     <span class='ocr_line' id='line_1_30' title="bbox 228 1380 258 1412; textangle 90"><span class='ocrx_word' id='word_1_108' title='bbox 228 1380 258 1412; x_wconf 40' lang='lat'>*10</span> 
     </span>
    </p>
   </div>
   <div class='ocr_carea' id='block_1_7' title="bbox 282 1377 809 1851">
    <p class='ocr_par' dir='ltr' id='par_1_22' title="bbox 282 1377 809 1851">
     <span class='ocr_line' id='line_1_31' title="bbox 286 1377 734 1420; baseline 0 -9"><span class='ocrx_word' id='word_1_109' title='bbox 286 1377 388 1419; x_wconf 85' lang='lat' dir='ltr'>Ergo,</span> <span class='ocrx_word' id='word_1_110' title='bbox 416 1378 505 1420; x_wconf 82' lang='lat' dir='ltr'>Jesu‚</span> <span class='ocrx_word' id='word_1_111' title='bbox 532 1379 589 1411; x_wconf 82' lang='lat' dir='ltr'>lux</span> <span class='ocrx_word' id='word_1_112' title='bbox 614 1378 734 1420; x_wconf 87' lang='lat' dir='ltr'>divina,</span> 
     </span>
     <span class='ocr_line' id='line_1_32' title="bbox 286 1426 741 1468; baseline -0.002 -8"><span class='ocrx_word' id='word_1_113' title='bbox 286 1426 409 1460; x_wconf 79' lang='lat' dir='ltr'>Moesti</span> <span class='ocrx_word' id='word_1_114' title='bbox 436 1427 544 1460; x_wconf 86' lang='lat' dir='ltr'>cordis</span> <span class='ocrx_word' id='word_1_115' title='bbox 567 1427 741 1468; x_wconf 84' lang='lat' dir='ltr'>medicina,</span> 
     </span>
     <span class='ocr_line' id='line_1_33' title="bbox 286 1475 809 1518; baseline 0 -9"><span class='ocrx_word' id='word_1_116' title='bbox 286 1475 416 1509; x_wconf 89' lang='lat' dir='ltr'>Donum</span> <span class='ocrx_word' id='word_1_117' title='bbox 442 1476 523 1508; x_wconf 88' lang='lat' dir='ltr'>mihi</span> <span class='ocrx_word' id='word_1_118' title='bbox 547 1484 635 1509; x_wconf 85' lang='lat' dir='ltr'>nunc</span> <span class='ocrx_word' id='word_1_119' title='bbox 659 1477 809 1518; x_wconf 82' lang='lat' dir='ltr'>propina,</span> 
     </span>
     <span class='ocr_line' id='line_1_34' title="bbox 285 1524 765 1566; baseline 0 -10"><span class='ocrx_word' id='word_1_120' title='bbox 285 1524 378 1565; x_wconf 76' lang='lat' dir='ltr'>Quod</span> <span class='ocrx_word' id='word_1_121' title='bbox 403 1533 456 1556; x_wconf 87' lang='lat' dir='ltr'>me</span> <span class='ocrx_word' id='word_1_122' title='bbox 481 1528 591 1558; x_wconf 87' lang='lat' dir='ltr'>servet</span> <span class='ocrx_word' id='word_1_123' title='bbox 616 1533 636 1556; x_wconf 90' lang='lat' dir='ltr'>a</span> <span class='ocrx_word' id='word_1_124' title='bbox 661 1525 765 1566; x_wconf 83' lang='lat' dir='ltr'>ruina,</span> 
     </span>
     <span class='ocr_line' id='line_1_35' title="bbox 330 1572 678 1614; baseline 0 -9"><span class='ocrx_word' id='word_1_125' title='bbox 330 1572 461 1605; x_wconf 89' lang='lat' dir='ltr'>Donum</span> <span class='ocrx_word' id='word_1_126' title='bbox 486 1573 678 1614; x_wconf 82' lang='lat' dir='ltr'>sapientiae.</span> 
     </span>
     <span class='ocr_line' id='line_1_36' title="bbox 284 1621 734 1664; baseline -0.002 -9"><span class='ocrx_word' id='word_1_127' title='bbox 284 1621 387 1655; x_wconf 87' lang='lat' dir='ltr'>Tuam</span> <span class='ocrx_word' id='word_1_128' title='bbox 412 1631 474 1663; x_wconf 84' lang='lat' dir='ltr'>per</span> <span class='ocrx_word' id='word_1_129' title='bbox 499 1621 734 1664; x_wconf 80' lang='lat' dir='ltr'>benignitatem</span> 
     </span>
     <span class='ocr_line' id='line_1_37' title="bbox 284 1671 736 1712; baseline -0.004 -7"><span class='ocrx_word' id='word_1_130' title='bbox 284 1672 424 1705; x_wconf 87' lang='lat' dir='ltr'>Praesta</span> <span class='ocrx_word' id='word_1_131' title='bbox 448 1671 529 1703; x_wconf 89' lang='grc'>1111111</span> <span class='ocrx_word' id='word_1_132' title='bbox 556 1671 736 1712; x_wconf 88' lang='lat' dir='ltr'>caritatem,</span> 
     </span>
     <span class='ocr_line' id='line_1_38' title="bbox 282 1718 799 1763; baseline 0.004 -12"><span class='ocrx_word' id='word_1_133' title='bbox 282 1718 411 1761; x_wconf 84' lang='lat' dir='ltr'>Fidem,</span> <span class='ocrx_word' id='word_1_134' title='bbox 438 1729 531 1761; x_wconf 85' lang='lat' dir='ltr'>spem</span> <span class='ocrx_word' id='word_1_135' title='bbox 558 1722 591 1752; x_wconf 77' lang='lat' dir='ltr'>et</span> <span class='ocrx_word' id='word_1_136' title='bbox 614 1719 799 1763; x_wconf 87' lang='lat' dir='ltr'>mititatem,</span> 
     </span>
     <span class='ocr_line' id='line_1_39' title="bbox 283 1767 771 1810; baseline 0 -9"><span class='ocrx_word' id='word_1_137' title='bbox 283 1767 419 1801; x_wconf 87' lang='lat' dir='ltr'>Vincam</span> <span class='ocrx_word' id='word_1_138' title='bbox 446 1778 511 1810; x_wconf 86' lang='lat' dir='ltr'>qua</span> <span class='ocrx_word' id='word_1_139' title='bbox 533 1768 771 1809; x_wconf 86' lang='lat' dir='ltr'>malignitatem</span> 
     </span>
     <span class='ocr_line' id='line_1_40' title="bbox 330 1817 666 1851; baseline 0.003 -1"><span class='ocrx_word' id='word_1_140' title='bbox 330 1818 487 1850; x_wconf 82' lang='lat' dir='ltr'>Auctoris</span> <span class='ocrx_word' id='word_1_141' title='bbox 511 1817 666 1851; x_wconf 86' lang='lat' dir='ltr'>malitiae.</span> 
     </span>
    </p>
   </div>
   <div class='ocr_carea' id='block_1_8' title="bbox 940 876 1520 1353">
    <p class='ocr_par' dir='ltr' id='par_1_23' title="bbox 940 876 1483 919">
     <span class='ocr_line' id='line_1_41' title="bbox 940 876 1483 919; baseline -0.004 -8"><span class='ocrx_word' id='word_1_142' title='bbox 940 877 971 911; x_wconf 84' lang='lat'>3.</span> <span class='ocrx_word' id='word_1_143' title='bbox 1000 877 1025 910; x_wconf 94' lang='lat' dir='ltr'>O</span> <span class='ocrx_word' id='word_1_144' title='bbox 1050 878 1087 909; x_wconf 87' lang='lat' dir='ltr'>tu</span> <span class='ocrx_word' id='word_1_145' title='bbox 1112 885 1237 909; x_wconf 87' lang='lat' dir='ltr'>summa</span> <span class='ocrx_word' id='word_1_146' title='bbox 1261 876 1483 919; x_wconf 78' lang='lat' dir='ltr'>pulchritudo,</span> 
     </span>
    </p>

    <p class='ocr_par' dir='ltr' id='par_1_24' title="bbox 1000 925 1404 967">
     <span class='ocr_line' id='line_1_42' title="bbox 1000 925 1404 967; baseline 0 -9"><span class='ocrx_word' id='word_1_147' title='bbox 1000 925 1111 958; x_wconf 88' lang='lat' dir='ltr'>Omnis</span> <span class='ocrx_word' id='word_1_148' title='bbox 1136 925 1205 957; x_wconf 88' lang='lat' dir='ltr'>veri</span> <span class='ocrx_word' id='word_1_149' title='bbox 1233 925 1404 967; x_wconf 84' lang='lat' dir='ltr'>certitudo,</span> 
     </span>
    </p>

    <p class='ocr_par' dir='ltr' id='par_1_25' title="bbox 997 971 1373 1015">
     <span class='ocr_line' id='line_1_43' title="bbox 997 971 1373 1015; baseline 0.003 -10"><span class='ocrx_word' id='word_1_150' title='bbox 997 973 1080 1006; x_wconf 89' lang='lat' dir='ltr'>Esto</span> <span class='ocrx_word' id='word_1_151' title='bbox 1104 981 1178 1005; x_wconf 88' lang='lat' dir='ltr'>mea</span> <span class='ocrx_word' id='word_1_152' title='bbox 1202 971 1373 1015; x_wconf 86' lang='lat' dir='ltr'>fortitudo,</span> 
     </span>
    </p>

    <p class='ocr_par' dir='ltr' id='par_1_26' title="bbox 997 1021 1520 1111">
     <span class='ocr_line' id='line_1_44' title="bbox 997 1021 1380 1062; baseline 0 -8"><span class='ocrx_word' id='word_1_153' title='bbox 997 1021 1050 1054; x_wconf 82' lang='lat' dir='ltr'>Ne</span> <span class='ocrx_word' id='word_1_154' title='bbox 1074 1021 1185 1062; x_wconf 79' lang='lat' dir='ltr'>pecati</span> <span class='ocrx_word' id='word_1_155' title='bbox 1208 1022 1380 1062; x_wconf 79' lang='lat' dir='ltr'>gravitudo</span> 
     </span>
     <span class='ocr_line' id='line_1_45' title="bbox 1046 1070 1520 1111; baseline 0 -9"><span class='ocrx_word' id='word_1_156' title='bbox 1046 1070 1193 1102; x_wconf 87' lang='lat' dir='ltr'>Mentem</span> <span class='ocrx_word' id='word_1_157' title='bbox 1217 1078 1324 1102; x_wconf 90' lang='lat' dir='ltr'>meam</span> <span class='ocrx_word' id='word_1_158' title='bbox 1350 1070 1520 1111; x_wconf 85' lang='lat' dir='ltr'>deprimat.</span> 
     </span>
    </p>

    <p class='ocr_par' dir='ltr' id='par_1_27' title="bbox 997 1118 1455 1161">
     <span class='ocr_line' id='line_1_46' title="bbox 997 1118 1455 1161; baseline 0 -11"><span class='ocrx_word' id='word_1_159' title='bbox 997 1118 1107 1150; x_wconf 86' lang='lat' dir='ltr'>Mater</span> <span class='ocrx_word' id='word_1_160' title='bbox 1131 1120 1197 1161; x_wconf 83' lang='lat' dir='ltr'>tua,</span> <span class='ocrx_word' id='word_1_161' title='bbox 1224 1118 1323 1150; x_wconf 83' lang='lat' dir='ltr'>maris</span> <span class='ocrx_word' id='word_1_162' title='bbox 1349 1119 1455 1157; x_wconf 86' lang='lat' dir='ltr'>stella,</span> 
     </span>
    </p>

    <p class='ocr_par' dir='ltr' id='par_1_28' title="bbox 996 1166 1408 1209">
     <span class='ocr_line' id='line_1_47' title="bbox 996 1166 1408 1209; baseline 0.002 -11"><span class='ocrx_word' id='word_1_163' title='bbox 996 1166 1134 1199; x_wconf 85' lang='lat' dir='ltr'>Pietatis</span> <span class='ocrx_word' id='word_1_164' title='bbox 1160 1175 1275 1198; x_wconf 87' lang='lat' dir='ltr'>rorans</span> <span class='ocrx_word' id='word_1_165' title='bbox 1300 1167 1408 1209; x_wconf 88' lang='lat' dir='ltr'>mella,</span> 
     </span>
    </p>

    <p class='ocr_par' dir='ltr' id='par_1_29' title="bbox 995 1214 1488 1255">
     <span class='ocr_line' id='line_1_48' title="bbox 995 1214 1488 1255; baseline 0.008 -9"><span class='ocrx_word' id='word_1_166' title='bbox 995 1214 1054 1247; x_wconf 83' lang='lat' dir='ltr'>Me</span> <span class='ocrx_word' id='word_1_167' title='bbox 1080 1217 1250 1247; x_wconf 85' lang='lat' dir='ltr'>conservet</span> <span class='ocrx_word' id='word_1_168' title='bbox 1273 1215 1308 1247; x_wconf 88' lang='lat' dir='ltr'>in</span> <span class='ocrx_word' id='word_1_169' title='bbox 1333 1215 1488 1255; x_wconf 67' lang='lat' dir='ltr'>procella,</span> 
     </span>
    </p>

    <p class='ocr_par' dir='ltr' id='par_1_30' title="bbox 996 1262 1475 1353">
     <span class='ocr_line' id='line_1_49' title="bbox 996 1262 1475 1304; baseline 0 -9"><span class='ocrx_word' id='word_1_170' title='bbox 996 1262 1109 1296; x_wconf 88' lang='lat' dir='ltr'>Hostis</span> <span class='ocrx_word' id='word_1_171' title='bbox 1136 1271 1262 1304; x_wconf 77' lang='lat' dir='ltr'>quoque</span> <span class='ocrx_word' id='word_1_172' title='bbox 1290 1263 1362 1296; x_wconf 88' lang='lat' dir='ltr'>dira</span> <span class='ocrx_word' id='word_1_173' title='bbox 1387 1263 1475 1296; x_wconf 89' lang='lat' dir='ltr'>bella</span> 
     </span>
     <span class='ocr_line' id='line_1_50' title="bbox 1045 1311 1428 1353; baseline 0 -8"><span class='ocrx_word' id='word_1_174' title='bbox 1045 1311 1112 1345; x_wconf 82' lang='lat' dir='ltr'>Sua</span> <span class='ocrx_word' id='word_1_175' title='bbox 1136 1320 1236 1353; x_wconf 81' lang='lat' dir='ltr'>prece</span> <span class='ocrx_word' id='word_1_176' title='bbox 1260 1312 1428 1352; x_wconf 79' lang='lat' dir='ltr'>reprimat.</span> 
     </span>
    </p>
   </div>
   <div class='ocr_carea' id='block_1_9' title="bbox 935 1379 1441 1422">
    <p class='ocr_par' dir='ltr' id='par_1_31' title="bbox 935 1379 1441 1422">
     <span class='ocr_line' id='line_1_51' title="bbox 935 1379 1441 1422; baseline -0.004 -9"><span class='ocrx_word' id='word_1_177' title='bbox 935 1381 968 1413; x_wconf 77' lang='lat'>4.</span> <span class='ocrx_word' id='word_1_178' title='bbox 997 1380 1095 1412; x_wconf 81' lang='lat' dir='ltr'>Alma</span> <span class='ocrx_word' id='word_1_179' title='bbox 1120 1379 1212 1420; x_wconf 87' lang='lat' dir='ltr'>virgo</span> <span class='ocrx_word' id='word_1_180' title='bbox 1237 1381 1343 1411; x_wconf 79' lang='lat' dir='ltr'>mater</span> <span class='ocrx_word' id='word_1_181' title='bbox 1367 1379 1441 1422; x_wconf 80' lang='lat' dir='ltr'>Dei,</span> 
     </span>
    </p>
   </div>
   <div class='ocr_carea' id='block_1_10' title="bbox 991 1428 1578 1859">
    <p class='ocr_par' dir='ltr' id='par_1_32' title="bbox 996 1428 1440 1468">
     <span class='ocr_line' id='line_1_52' title="bbox 996 1428 1440 1468; baseline 0 -7"><span class='ocrx_word' id='word_1_182' title='bbox 996 1429 1145 1462; x_wconf 84' lang='lat' dir='ltr'>Clemens</span> <span class='ocrx_word' id='word_1_183' title='bbox 1171 1428 1357 1468; x_wconf 79' lang='lat' dir='ltr'>reparatrix</span> <span class='ocrx_word' id='word_1_184' title='bbox 1382 1428 1440 1466; x_wconf 74' lang='lat' dir='ltr'>rei,</span> 
     </span>
    </p>

    <p class='ocr_par' dir='ltr' id='par_1_33' title="bbox 993 1474 1404 1516">
     <span class='ocr_line' id='line_1_53' title="bbox 993 1474 1404 1516; baseline -0.002 -6"><span class='ocrx_word' id='word_1_185' title='bbox 993 1477 1075 1510; x_wconf 85' lang='lat' dir='ltr'>Esto</span> <span class='ocrx_word' id='word_1_186' title='bbox 1103 1474 1307 1509; x_wconf 81' lang='lat' dir='ltr'>defensatrix</span> <span class='ocrx_word' id='word_1_187' title='bbox 1331 1477 1404 1516; x_wconf 82' lang='lat' dir='ltr'>mei,</span> 
     </span>
    </p>

    <p class='ocr_par' dir='ltr' id='par_1_34' title="bbox 993 1524 1439 1607">
     <span class='ocr_line' id='line_1_54' title="bbox 993 1524 1439 1560; baseline -0.004 -2"><span class='ocrx_word' id='word_1_188' title='bbox 993 1526 1045 1558; x_wconf 78' lang='lat' dir='ltr'>Ne</span> <span class='ocrx_word' id='word_1_189' title='bbox 1069 1534 1123 1560; x_wconf 83' lang='lat' dir='ltr'>me</span> <span class='ocrx_word' id='word_1_190' title='bbox 1148 1525 1261 1557; x_wconf 80' lang='lat' dir='ltr'>vincat</span> <span class='ocrx_word' id='word_1_191' title='bbox 1285 1524 1439 1558; x_wconf 86' lang='lat' dir='ltr'>Jebusaei</span> 
     </span>
     <span class='ocr_line' id='line_1_55' title="bbox 1038 1572 1362 1607; baseline 0.003 -1"><span class='ocrx_word' id='word_1_192' title='bbox 1038 1573 1195 1607; x_wconf 85' lang='lat' dir='ltr'>Hostisve</span> <span class='ocrx_word' id='word_1_193' title='bbox 1220 1572 1362 1607; x_wconf 85' lang='lat' dir='ltr'>fallacia.</span> 
     </span>
    </p>

    <p class='ocr_par' dir='ltr' id='par_1_35' title="bbox 992 1621 1578 1667">
     <span class='ocr_line' id='line_1_56' title="bbox 992 1621 1578 1667; baseline -0.002 -11"><span class='ocrx_word' id='word_1_194' title='bbox 992 1624 1062 1656; x_wconf 87' lang='lat' dir='ltr'>Fac</span> <span class='ocrx_word' id='word_1_195' title='bbox 1069 1632 1122 1655; x_wconf 86' lang='lat' dir='ltr'>me</span> <span class='ocrx_word' id='word_1_196' title='bbox 1131 1621 1260 1658; x_wconf 83' lang='lat' dir='ltr'>fortem,</span> <span class='ocrx_word' id='word_1_197' title='bbox 1274 1622 1440 1667; x_wconf 85' lang='lat' dir='ltr'>blandum,</span> <span class='ocrx_word' id='word_1_198' title='bbox 1452 1627 1578 1655; x_wconf 85' lang='lat' dir='ltr'>rectum</span> 
     </span>
    </p>

    <p class='ocr_par' dir='ltr' id='par_1_36' title="bbox 992 1672 1554 1713">
     <span class='ocr_line' id='line_1_57' title="bbox 992 1672 1554 1713; baseline 0 -9"><span class='ocrx_word' id='word_1_199' title='bbox 992 1672 1036 1705; x_wconf 88' lang='lat' dir='ltr'>Et</span> <span class='ocrx_word' id='word_1_200' title='bbox 1061 1672 1097 1704; x_wconf 88' lang='lat' dir='ltr'>in</span> <span class='ocrx_word' id='word_1_201' title='bbox 1123 1672 1247 1704; x_wconf 85' lang='lat' dir='ltr'>cunctis</span> <span class='ocrx_word' id='word_1_202' title='bbox 1275 1672 1554 1713; x_wconf 77' lang='lat' dir='ltr'>circumspectum,</span> 
     </span>
    </p>

    <p class='ocr_par' dir='ltr' id='par_1_37' title="bbox 991 1720 1526 1762">
     <span class='ocr_line' id='line_1_58' title="bbox 991 1720 1526 1762; baseline -0.002 -9"><span class='ocrx_word' id='word_1_203' title='bbox 991 1720 1114 1762; x_wconf 83' lang='lat' dir='ltr'>Meum,</span> <span class='ocrx_word' id='word_1_204' title='bbox 1142 1729 1272 1761; x_wconf 86' lang='lat' dir='ltr'>quaeso,</span> <span class='ocrx_word' id='word_1_205' title='bbox 1298 1720 1526 1762; x_wconf 80' lang='lat' dir='ltr'>imperfectum</span> 
     </span>
    </p>

    <p class='ocr_par' dir='ltr' id='par_1_38' title="bbox 992 1768 1564 1859">
     <span class='ocr_line' id='line_1_59' title="bbox 992 1768 1564 1810; baseline -0.002 -8"><span class='ocrx_word' id='word_1_206' title='bbox 992 1769 1124 1802; x_wconf 90' lang='lat' dir='ltr'>Tollens</span> <span class='ocrx_word' id='word_1_207' title='bbox 1153 1768 1216 1801; x_wconf 89' lang='lat' dir='ltr'>duc</span> <span class='ocrx_word' id='word_1_208' title='bbox 1240 1778 1292 1801; x_wconf 86' lang='lat' dir='ltr'>me</span> <span class='ocrx_word' id='word_1_209' title='bbox 1317 1778 1377 1810; x_wconf 89' lang='lat' dir='ltr'>per</span> <span class='ocrx_word' id='word_1_210' title='bbox 1405 1769 1564 1803; x_wconf 86' lang='lat' dir='ltr'>directum</span> 
     </span>
     <span class='ocr_line' id='line_1_60' title="bbox 1040 1818 1363 1859; baseline 0.003 -8"><span class='ocrx_word' id='word_1_211' title='bbox 1040 1818 1096 1851; x_wconf 83' lang='lat' dir='ltr'>Ad</span> <span class='ocrx_word' id='word_1_212' title='bbox 1123 1818 1205 1851; x_wconf 86' lang='lat' dir='ltr'>coeli</span> <span class='ocrx_word' id='word_1_213' title='bbox 1230 1818 1363 1859; x_wconf 81' lang='lat' dir='ltr'>palatia.</span> 
     </span>
    </p>
   </div>
   <div class='ocr_carea' id='block_1_11' title="bbox 299 1892 1429 1932">
    <p class='ocr_par' dir='ltr' id='par_1_39' title="bbox 299 1892 1429 1932">
     <span class='ocr_line' id='line_1_61' title="bbox 299 1892 1429 1932; baseline -0.002 -7"><span class='ocrx_word' id='word_1_214' title='bbox 299 1895 382 1925; x_wconf 86' lang='lat' dir='ltr'>Orat.</span> <span class='ocrx_word' id='word_1_215' title='bbox 404 1904 458 1925; x_wconf 77' lang='lat' dir='ltr'>ms.</span> <span class='ocrx_word' id='word_1_216' title='bbox 479 1895 662 1932; x_wconf 82' lang='lat' dir='ltr'>Tegurinum</span> <span class='ocrx_word' id='word_1_217' title='bbox 686 1899 758 1923; x_wconf 84' lang='lat' dir='ltr'>anni</span> <span class='ocrx_word' id='word_1_218' title='bbox 781 1893 864 1924; x_wconf 83' lang='lat'>1470.</span> <span class='ocrx_word' id='word_1_219' title='bbox 894 1894 967 1923; x_wconf 83' lang='lat' dir='ltr'>Clm.</span> <span class='ocrx_word' id='word_1_220' title='bbox 989 1896 1108 1924; x_wconf 82' lang='lat' dir='ltr'>Monac.</span> <span class='ocrx_word' id='word_1_221' title='bbox 1129 1892 1229 1924; x_wconf 84' lang='grc'>20021</span> <span class='ocrx_word' id='word_1_222' title='bbox 1252 1895 1302 1924; x_wconf 88' lang='lat' dir='ltr'>fol.</span> <span class='ocrx_word' id='word_1_223' title='bbox 1324 1893 1379 1924; x_wconf 53' lang='lat'>32⁸1</span> <span class='ocrx_word' id='word_1_224' title='bbox 1403 1905 1429 1924; x_wconf 78' lang='lat' dir='ltr'>a.</span> 
     </span>
    </p>
   </div>
   <div class='ocr_carea' id='block_1_12' title="bbox 514 2018 1288 2062">
    <p class='ocr_par' dir='ltr' id='par_1_40' title="bbox 514 2018 1288 2062">
     <span class='ocr_line' id='line_1_62' title="bbox 514 2018 1288 2062; baseline -0.001 -10"><span class='ocrx_word' id='word_1_225' title='bbox 514 2019 542 2052; x_wconf 83' lang='lat'>9.</span> <span class='ocrx_word' id='word_1_226' title='bbox 586 2018 694 2052; x_wconf 85' lang='lat' dir='ltr'>Oratio</span> <span class='ocrx_word' id='word_1_227' title='bbox 716 2028 775 2062; x_wconf 82' lang='lat' dir='ltr'>pro</span> <span class='ocrx_word' id='word_1_228' title='bbox 799 2028 834 2053; x_wconf 85' lang='lat' dir='ltr'>se</span> <span class='ocrx_word' id='word_1_229' title='bbox 853 2020 923 2062; x_wconf 82' lang='lat' dir='ltr'>ipso</span> <span class='ocrx_word' id='word_1_230' title='bbox 946 2019 982 2052; x_wconf 85' lang='lat' dir='ltr'>de</span> <span class='ocrx_word' id='word_1_231' title='bbox 1006 2028 1138 2062; x_wconf 82' lang='lat' dir='ltr'>corpore</span> <span class='ocrx_word' id='word_1_232' title='bbox 1160 2019 1288 2052; x_wconf 81' lang='lat' dir='ltr'>Christi.</span> 
     </span>
    </p>
   </div>
   <div class='ocr_carea' id='block_1_13' title="bbox 218 2102 707 2489">
    <p class='ocr_par' dir='ltr' id='par_1_41' title="bbox 218 2102 707 2489">
     <span class='ocr_line' id='line_1_63' title="bbox 218 2102 692 2144; baseline -0.004 -7"><span class='ocrx_word' id='word_1_233' title='bbox 218 2102 249 2137; x_wconf 93' lang='lat'>1.</span> <span class='ocrx_word' id='word_1_234' title='bbox 276 2103 351 2136; x_wconf 86' lang='lat' dir='ltr'>Ave</span> <span class='ocrx_word' id='word_1_235' title='bbox 376 2110 510 2143; x_wconf 81' lang='lat' dir='ltr'>germen</span> <span class='ocrx_word' id='word_1_236' title='bbox 534 2102 692 2144; x_wconf 82' lang='lat' dir='ltr'>prodiens</span> 
     </span>
     <span class='ocr_line' id='line_1_64' title="bbox 329 2151 679 2193; baseline -0.003 -9"><span class='ocrx_word' id='word_1_237' title='bbox 329 2151 382 2184; x_wconf 81' lang='lat' dir='ltr'>Ab</span> <span class='ocrx_word' id='word_1_238' title='bbox 410 2161 489 2193; x_wconf 89' lang='lat' dir='ltr'>agro</span> <span class='ocrx_word' id='word_1_239' title='bbox 513 2151 679 2193; x_wconf 81' lang='lat' dir='ltr'>virginali,</span> 
     </span>
     <span class='ocr_line' id='line_1_65' title="bbox 279 2201 658 2243; baseline -0.011 -7"><span class='ocrx_word' id='word_1_240' title='bbox 279 2201 397 2243; x_wconf 88' lang='lat' dir='ltr'>Specie</span> <span class='ocrx_word' id='word_1_241' title='bbox 422 2203 456 2233; x_wconf 88' lang='lat' dir='ltr'>te</span> <span class='ocrx_word' id='word_1_242' title='bbox 483 2204 658 2243; x_wconf 83' lang='lat' dir='ltr'>contegens</span> 
     </span>
     <span class='ocr_line' id='line_1_66' title="bbox 328 2249 664 2291; baseline -0.006 -7"><span class='ocrx_word' id='word_1_243' title='bbox 328 2249 396 2284; x_wconf 85' lang='lat' dir='ltr'>Sub</span> <span class='ocrx_word' id='word_1_244' title='bbox 423 2250 664 2291; x_wconf 83' lang='lat' dir='ltr'>sacramentali,</span> 
     </span>
     <span class='ocr_line' id='line_1_67' title="bbox 278 2299 657 2334; baseline -0.008 0"><span class='ocrx_word' id='word_1_245' title='bbox 278 2300 342 2334; x_wconf 86' lang='lat' dir='ltr'>Cor</span> <span class='ocrx_word' id='word_1_246' title='bbox 365 2308 474 2332; x_wconf 89' lang='lat' dir='ltr'>meum</span> <span class='ocrx_word' id='word_1_247' title='bbox 502 2299 657 2333; x_wconf 87' lang='lat' dir='ltr'>deficiens</span> 
     </span>
     <span class='ocr_line' id='line_1_68' title="bbox 327 2348 707 2390; baseline -0.005 -7"><span class='ocrx_word' id='word_1_248' title='bbox 327 2348 433 2390; x_wconf 81' lang='lat' dir='ltr'>Culpa</span> <span class='ocrx_word' id='word_1_249' title='bbox 457 2358 540 2390; x_wconf 81' lang='lat' dir='ltr'>prae</span> <span class='ocrx_word' id='word_1_250' title='bbox 564 2349 707 2385; x_wconf 61' lang='lat' dir='ltr'>mortali,</span> 
     </span>
     <span class='ocr_line' id='line_1_69' title="bbox 274 2398 662 2441; baseline -0.003 -10"><span class='ocrx_word' id='word_1_251' title='bbox 274 2400 412 2441; x_wconf 79' lang='lat' dir='ltr'>Quaeso,</span> <span class='ocrx_word' id='word_1_252' title='bbox 439 2399 485 2431; x_wconf 89' lang='lat' dir='ltr'>sis</span> <span class='ocrx_word' id='word_1_253' title='bbox 510 2398 662 2432; x_wconf 86' lang='lat' dir='ltr'>reficiens</span> 
     </span>
     <span class='ocr_line' id='line_1_70' title="bbox 324 2447 597 2489; baseline -0.007 -8"><span class='ocrx_word' id='word_1_254' title='bbox 324 2447 420 2481; x_wconf 90' lang='lat' dir='ltr'>Dono</span> <span class='ocrx_word' id='word_1_255' title='bbox 442 2448 597 2489; x_wconf 83' lang='lat' dir='ltr'>spiritali.</span> 
     </span>
    </p>
   </div>
   <div class='ocr_carea' id='block_1_14' title="bbox 932 2102 1418 2481">
    <p class='ocr_par' dir='ltr' id='par_1_42' title="bbox 932 2102 1315 2145">
     <span class='ocr_line' id='line_1_71' title="bbox 932 2102 1315 2145; baseline 0 -9"><span class='ocrx_word' id='word_1_256' title='bbox 932 2104 963 2136; x_wconf 89' lang='lat'>2.</span> <span class='ocrx_word' id='word_1_257' title='bbox 990 2104 1073 2145; x_wconf 80' lang='lat' dir='ltr'>Ave,</span> <span class='ocrx_word' id='word_1_258' title='bbox 1101 2102 1181 2135; x_wconf 84' lang='lat' dir='ltr'>mihi</span> <span class='ocrx_word' id='word_1_259' title='bbox 1208 2104 1315 2136; x_wconf 88' lang='lat' dir='ltr'>carior</span> 
     </span>
    </p>

    <p class='ocr_par' dir='ltr' id='par_1_43' title="bbox 1041 2151 1371 2195">
     <span class='ocr_line' id='line_1_72' title="bbox 1041 2151 1371 2195; baseline -0.003 -9"><span class='ocrx_word' id='word_1_260' title='bbox 1041 2152 1174 2186; x_wconf 85' lang='lat' dir='ltr'>Cunctis</span> <span class='ocrx_word' id='word_1_261' title='bbox 1201 2161 1219 2184; x_wconf 91' lang='lat' dir='ltr'>o</span> <span class='ocrx_word' id='word_1_262' title='bbox 1245 2151 1371 2195; x_wconf 81' lang='lat' dir='ltr'>sophia,</span> 
     </span>
    </p>

    <p class='ocr_par' dir='ltr' id='par_1_44' title="bbox 992 2199 1361 2294">
     <span class='ocr_line' id='line_1_73' title="bbox 992 2199 1361 2235; baseline 0 -1"><span class='ocrx_word' id='word_1_263' title='bbox 992 2200 1051 2234; x_wconf 87' lang='lat' dir='ltr'>Cui</span> <span class='ocrx_word' id='word_1_264' title='bbox 1078 2201 1195 2235; x_wconf 87' lang='lat' dir='ltr'>devote</span> <span class='ocrx_word' id='word_1_265' title='bbox 1221 2199 1361 2234; x_wconf 87' lang='lat' dir='ltr'>famulor</span> 
     </span>
     <span class='ocr_line' id='line_1_74' title="bbox 1038 2250 1354 2294; baseline -0.003 -11"><span class='ocrx_word' id='word_1_266' title='bbox 1038 2250 1112 2283; x_wconf 87' lang='lat' dir='ltr'>Hac</span> <span class='ocrx_word' id='word_1_267' title='bbox 1136 2250 1354 2294; x_wconf 55' lang='lat' dir='ltr'>hymnologia,</span> 
     </span>
    </p>

    <p class='ocr_par' dir='ltr' id='par_1_45' title="bbox 989 2299 1418 2382">
     <span class='ocr_line' id='line_1_75' title="bbox 989 2299 1418 2342; baseline 0.002 -10"><span class='ocrx_word' id='word_1_268' title='bbox 989 2299 1160 2336; x_wconf 82' lang='lat' dir='ltr'>Succurre,</span> <span class='ocrx_word' id='word_1_269' title='bbox 1187 2301 1221 2331; x_wconf 93' lang='lat' dir='ltr'>te</span> <span class='ocrx_word' id='word_1_270' title='bbox 1248 2299 1418 2342; x_wconf 82' lang='lat' dir='ltr'>deprecor,</span> 
     </span>
     <span class='ocr_line' id='line_1_76' title="bbox 1039 2348 1384 2382; baseline 0 0"><span class='ocrx_word' id='word_1_271' title='bbox 1039 2348 1119 2382; x_wconf 89' lang='lat' dir='ltr'>Cum</span> <span class='ocrx_word' id='word_1_272' title='bbox 1144 2350 1250 2382; x_wconf 85' lang='lat' dir='ltr'>matre</span> <span class='ocrx_word' id='word_1_273' title='bbox 1274 2348 1384 2382; x_wconf 85' lang='lat' dir='ltr'>Maria</span> 
     </span>
    </p>

    <p class='ocr_par' dir='ltr' id='par_1_46' title="bbox 986 2397 1378 2481">
     <span class='ocr_line' id='line_1_77' title="bbox 986 2397 1378 2441; baseline -0.003 -9"><span class='ocrx_word' id='word_1_274' title='bbox 986 2398 1084 2440; x_wconf 78' lang='lat' dir='ltr'>Mihi,</span> <span class='ocrx_word' id='word_1_275' title='bbox 1113 2397 1169 2441; x_wconf 87' lang='lat' dir='ltr'>qui</span> <span class='ocrx_word' id='word_1_276' title='bbox 1197 2397 1378 2439; x_wconf 83' lang='lat' dir='ltr'>depopulor</span> 
     </span>
     <span class='ocr_line' id='line_1_78' title="bbox 1035 2447 1355 2481; baseline 0 0"><span class='ocrx_word' id='word_1_277' title='bbox 1035 2447 1159 2481; x_wconf 85' lang='lat' dir='ltr'>Mentis</span> <span class='ocrx_word' id='word_1_278' title='bbox 1187 2447 1355 2481; x_wconf 85' lang='lat' dir='ltr'>discrasia.</span> 
     </span>
    </p>
   </div>
  </div>
 </body>
</html>
