1656 2674
191 173 248 207 87.
273 174 404 207 Dehinc
428 177 596 211 humiliter

326 227 460 259 curvavi
485 236 598 272 genua,

277 271 332 305 Sic
357 273 550 314 deprecatus
577 286 647 309 sum

323 322 409 354 hanc
434 333 513 357 voce
538 334 673 359 cernua:

274 369 421 403 Benedic
447 371 613 417 famulum,

322 422 427 452 mater
451 422 639 464 praecipua,

271 466 332 500 Uti
358 477 429 502 cras
455 471 571 503 redeat

319 520 427 549 mente
454 519 604 553 innocua.

895 186 951 220 88.
980 186 1068 227 Quae
1093 189 1197 221 tribus
1225 190 1334 231 digitis

1028 238 1178 276 expansis
1207 238 1359 273 dexterae

979 284 1094 325 Coepit
1116 286 1266 319 hilariter

1027 342 1078 365 me
1100 334 1305 376 benedicere,

978 380 1115 422 Signans
1141 384 1363 424 pectusculum

1027 432 1130 464 crucis
1157 432 1355 467 charactere.

973 478 1112 511 Dicens:
1142 480 1221 513 Cum
1243 480 1314 514 Deo
1340 483 1384 515 sis

1023 530 1055 559 et
1082 536 1152 561 cras
1177 532 1353 566 revertere.

686 598 887 635 Secunda
912 604 1030 638 Pars,

302 660 518 696 Capitulum
540 663 703 697 primum.

185 708 242 743 89.
269 709 458 749 Resumptis
481 711 582 751 igitur

316 757 485 799 paulisper
510 759 634 792 viribus

267 806 377 846 Atque
403 806 520 839 officiis

316 856 563 888 matutinalibus

265 902 444 944 Completis
470 905 556 937 redii

312 952 348 984 in
375 952 490 985 cellam
515 953 675 993 protinus,

264 1000 453 1041 Heramque
472 1002 583 1042 reperi

310 1051 453 1082 stantem
478 1058 559 1090 prae
585 1048 722 1085 foribus.

176 1106 233 1141 90.
261 1106 363 1146 Quam
390 1116 461 1140 cum
486 1108 686 1150 susciperem

309 1155 438 1195 obstipo
466 1156 572 1196 capite

260 1204 340 1236 Dixi
365 1203 552 1237 humiliter:

308 1261 362 1284 me
387 1252 589 1294 benedicite3

260 1301 353 1333 Tunc
378 1310 508 1335 manum
536 1301 705 1334 dexteram

306 1351 455 1383 extendit
480 1350 605 1382 concite

254 1397 394 1430 Dicens:
424 1408 442 1431 o
465 1398 649 1440 presbyter,

303 1455 390 1479 nunc
414 1446 486 1479 fare
511 1447 612 1479 licite.

168 1505 224 1539 91.
254 1505 279 1538 O
306 1505 504 1548 beatissima,

302 1563 365 1595 qua
390 1554 472 1586 nihil
500 1554 626 1588 dulcius

251 1603 333 1636 Post
356 1602 462 1635 Deum
486 1602 596 1643 reperi

299 1651 334 1684 in
360 1650 457 1684 rebus
484 1650 643 1689 omnibus.

253 1699 289 1732 Si
312 1709 377 1732 non
399 1700 576 1732 meminero

297 1749 347 1781 tui
372 1747 585 1790 frequentius,

248 1797 377 1838 Lingua
401 1798 580 1830 adhaereat

299 1846 435 1887 pollutis
462 1845 622 1879 faucibus.

164 1905 220 1940 92.
249 1905 374 1938 Creatis
402 1905 526 1938 cunctis
554 1913 587 1936 es

294 1954 366 1987 Deo
394 1953 608 1996 conjunctior,

244 2002 331 2036 Nam
357 2011 391 2035 es
417 2004 453 2035 in
477 2003 586 2035 anima

294 2060 455 2093 carneque
481 2051 605 2093 purior,

243 2101 386 2134 Resolve
413 2100 596 2143 compedes,

296 2149 413 2192 quibus
438 2149 582 2191 irretior,

241 2199 289 2233 Ut
314 2199 378 2231 tuis
405 2198 558 2232 laudibus

288 2247 436 2280 insistam
463 2246 658 2289 promptior.

253 2314 467 2352 Capitulum
488 2314 701 2344 secundum.

177 2369 234 2403 93.
261 2366 368 2405 Nunc,
391 2366 498 2403 stella.
525 2365 665 2398 rutilans

307 2424 388 2457 prae
414 2415 502 2448 omni
528 2415 637 2448 sidere

1000 671 1109 706 Glisco
1136 675 1312 714 praeconia

1045 722 1101 754 tua
1126 723 1356 764 perstringere,

997 768 1085 808 Quae
1110 771 1241 811 signant
1265 773 1395 805 nomina

1042 818 1075 849 in
1101 819 1206 859 partis
1230 823 1383 860 posterae

993 866 1170 907 Concripta
1194 866 1324 901 fimbria

1038 914 1153 947 laevae
1174 918 1206 947 et
1233 916 1395 950 dexterae.

909 971 964 1004 94.
992 971 1051 1013 Tu,
1079 973 1180 1016 virgo,
1208 974 1371 1014 praecluis

1041 1029 1111 1053 cum
1143 1031 1264 1054 summa
1292 1023 1404 1063 gloria.

989 1068 1117 1102 Laudet
1143 1070 1177 1102 in
1203 1071 1329 1111 superis

1036 1119 1143 1150 turma
1166 1118 1328 1158 aetherea,

990 1164 1100 1205 Teque
1128 1166 1287 1208 glorificet

1034 1214 1131 1247 tellus
1159 1218 1192 1246 et
1215 1216 1328 1251 maria.

987 1261 1075 1300 Quae
1100 1264 1194 1296 clade
1219 1265 1364 1306 protegis

1032 1319 1052 1342 a
1077 1311 1266 1346 multifaria.

899 1367 955 1401 95.
981 1367 1029 1400 Es
1053 1378 1128 1402 nam
1153 1370 1340 1410 triclinium,

1032 1419 1119 1457 quod
1144 1428 1270 1451 summa
1296 1418 1400 1452 deitas

983 1465 1120 1506 Semper
1144 1467 1307 1499 inhabitat

1032 1517 1062 1545 et
1089 1516 1192 1548 omnis
1218 1516 1357 1560 bonitas,

982 1561 1114 1596 Laudes
1141 1564 1298 1605 suscipiat

1030 1617 1086 1643 tua
1113 1613 1306 1655 benignitas,

983 1658 1069 1698 Quas
1094 1671 1168 1694 mea
1191 1662 1309 1694 nititur

1032 1708 1149 1742 offerre
1173 1710 1331 1751 parvitas.

895 1767 952 1800 96.
979 1766 1028 1799 Te
1052 1768 1248 1800 mirabiliter

1027 1815 1175 1849 arrhavit
1193 1817 1334 1858 trinitas,

981 1863 1061 1897 Cum
1088 1874 1218 1898 carnem
1244 1869 1386 1899 sumeret

1025 1913 1061 1945 in
1085 1918 1120 1946 te
1147 1914 1311 1951 divinitas,

977 1961 1047 2001 Qua
1072 1963 1185 1996 sordes
1212 1962 1347 1996 abstulit

1023 2011 1117 2044 nobis
1143 2012 1285 2053 inolitam,

974 2059 1073 2093 Unde
1098 2064 1131 2093 te
1155 2061 1273 2093 merito

1023 2109 1138 2142 laudat
1163 2109 1359 2144 humanitas,

890 2168 945 2201 97.
973 2166 1058 2200 Nam
1085 2177 1118 2201 es
1145 2167 1310 2201 verbifera

1021 2216 1086 2249 tuis
1112 2217 1291 2250 visceribus

972 2265 997 2298 V
1005 2265 1118 2299 erbum
1143 2267 1323 2307 suscipiens

1022 2325 1042 2348 a
1069 2316 1151 2349 coeli
1175 2315 1319 2355 sedibus,

973 2364 1066 2405 Quod
1091 2365 1192 2398 vitam
1218 2365 1333 2398 tribuit

1016 2413 1082 2446 suis
1108 2414 1316 2457 haeredibus,
