1656 2674
751 104 1017 141 —185—

206 336 265 370 21.
294 336 355 376 Qui
380 337 457 369 vitis
483 336 686 371 fructificans

337 385 426 425 juste
450 386 647 428 nominatur⁷

290 434 332 466 In
358 443 422 475 qua
447 434 572 474 palmes
601 436 779 468 mansitans

339 482 424 515 bene
449 486 615 523 operatur,

290 531 376 564 Vitis
401 532 483 564 haec
508 531 674 565 inebrians

337 589 412 612 suos
440 580 637 621 consolatur,

289 628 384 668 Quod
410 630 443 660 et
466 629 530 660 mei
555 630 715 661 miserans

338 677 420 709 mihi
444 677 615 718 largiatur.

203 765 260 799 22.
289 763 387 804 Cujus
415 765 513 804 pater
537 764 660 796 vinitor

339 815 391 845 est
413 812 633 856 agricoIaque,

289 861 504 902 Omniumque
531 861 691 901 conditor,

337 919 397 942 rex
423 912 647 950 creaturaque,

285 958 453 992 Emundet
476 967 539 1001 me,
569 958 739 999 deprecor,

336 1010 434 1048 parte
456 1007 491 1039 in
517 1009 665 1047 utraque,

291 1056 448 1089 Omnibus
475 1055 674 1088 immundior

335 1114 407 1137 sum
428 1113 505 1136 nam
530 1111 773 1144 usquequaque.

201 1192 259 1227 23.
288 1191 349 1231 Qui
376 1194 426 1224 est
449 1192 507 1223 ille
532 1191 654 1224 vitulus

336 1240 421 1273 bene
446 1240 624 1281 saginatus,

287 1289 355 1329 Quo
381 1289 470 1330 patri
497 1292 547 1321 est
571 1287 730 1329 prodigus

334 1337 575 1378 reconciliatus,

285 1387 352 1420 Per
378 1395 473 1428 quem
500 1388 531 1417 et
559 1385 749 1418 clementius

339 1434 404 1468 fuit
428 1435 603 1475 osculatus,

289 1483 335 1516 Et
359 1484 446 1517 stola
471 1493 535 1525 qua
558 1482 711 1524 primitus

340 1536 390 1565 est
414 1532 610 1565 insusciatus
637 1528 726 1574 [sic].

204 1621 261 1654 24.
292 1620 391 1662 Cujus
417 1621 505 1653 sacri
527 1620 694 1661 sanguinis

337 1678 398 1710 per
424 1668 621 1709 effusionem,

286 1717 371 1758 Ejus
396 1726 525 1759 quoque
548 1717 690 1750 nominis

336 1776 397 1807 per
424 1764 670 1809 confessionem,

289 1815 395 1848 Homo
421 1817 537 1847 nactus
563 1814 707 1847 criminis

338 1868 389 1896 est
413 1863 648 1904 remissionem,

289 1912 437 1946 Tandem
461 1912 541 1944 coeli
571 1911 721 1945 culminis

339 1961 614 1994 sublimationem.

204 2050 262 2085 25.
290 2050 352 2090 Qui
376 2051 410 2083 in
437 2049 660 2083 sacratissima

337 2109 397 2132 sua
419 2099 572 2140 passione

286 2148 375 2181 Vera
400 2147 465 2181 fuit
488 2147 623 2180 victima
690 2185 711 2194 ,-

338 2195 575 2238 satisfactione,

287 2246 406 2280 Hostia
429 2244 570 2287 pacifica

334 2296 426 2337 pacis
453 2295 639 2334 donatione,

286 2346 401 2387 Agnus
428 2353 557 2386 quoque
581 2343 722 2386 mystica

334 2395 371 2427 in
395 2394 570 2428 oblatione.

848 242 912 276 111.

912 340 970 373 26.
997 340 1057 380 Qui
1084 347 1144 380 per
1171 338 1387 372 eucharistiae

1048 387 1144 420 dulce
1168 390 1406 420 sacramentum

997 437 1159 469 Devotum
1186 437 1343 469 ecclesiae

1044 482 1151 517 reficit
1170 488 1374 525 conventum,

994 532 1052 565 Me
1076 541 1202 573 quoque
1226 542 1288 574 per
1312 533 1439 573 gratiae

1041 584 1117 614 tuae
1141 581 1360 614 interventum

996 629 1137 670 Repleat
1162 630 1308 670 quotidie

1044 677 1128 710 illud
1152 679 1395 711 nutrimentum.

909 766 966 798 27.
994 765 1055 806 Qui
1080 773 1140 806 per
1167 765 1398 797 eucharistiam

1043 816 1282 846 sacramentum
1307 814 1400 854 pacis

994 863 1045 894 Ac
1071 862 1190 895 donum
1210 861 1380 894 ecclesiam

1044 912 1154 942 servet
1180 910 1337 953 caritatiS‚

991 958 1115 1000 Abigat
1137 957 1302 990 fallaciam

1044 1007 1148 1039 hostis
1174 1006 1352 1047 pertinacis

994 1055 1067 1087 Nec
1091 1063 1155 1087 non
1181 1054 1398 1095 pervicaciam

1032 1103 1146 1144 populi
1172 1102 1311 1137 fallacis

910 1190 967 1224 28.
996 1189 1095 1230 Cujus
1123 1198 1220 1222 carne
1245 1189 1410 1231 pascimur

1045 1241 1076 1270 et
1104 1237 1317 1279 vivificamur,

983 1286 1072 1319 Dum
1097 1286 1191 1319 noxis
1219 1287 1445 1328 opprimimur,

1046 1345 1107 1376 per
1131 1336 1238 1375 ipsam
1263 1344 1440 1376 purgamur

998 1384 1072 1416 Hac
1096 1382 1198 1416 fortes
1226 1383 1393 1424 efficimur,

1048 1432 1177 1474 quando
1203 1433 1433 1474 impugnamur

996 1481 1042 1514 Et
1064 1484 1173 1514 mente
1190 1480 1380 1522 proficimur

1047 1534 1079 1563 et
1103 1530 1334 1562 illuminamur.

910 1619 966 1652 29.
996 1618 1057 1659 Qui
1081 1619 1194 1651 botrus
1220 1618 1414 1659 exprimitur

1044 1668 1079 1700 in
1107 1667 1211 1699 crucis
1237 1667 1405 1709 torculari,

998 1716 1067 1756 Quo
1092 1716 1204 1748 vinum
1230 1715 1401 1748 conficitur

1048 1764 1158 1797 calicis
1183 1764 1358 1805 praeclari,

997 1814 1065 1847 Isto
1092 1821 1182 1845 mens
1209 1812 1356 1845 reficitur

1045 1865 1126 1903 potu
1151 1861 1296 1902 salutari,

996 1912 1119 1944 Am01e
1144 1919 1227 1951 quae
1251 1909 1395 1943 trahitur

1046 1959 1089 1992 ad
1113 1959 1201 1990 hunc
1226 1958 1394 2000 singulari.

915 2049 971 2082 30.
1000 2047 1101 2087 Quem
1128 2047 1245 2079 devote
1270 2047 1425 2079 sumimus

1042 2097 1131 2137 juste
1155 2098 1187 2127 et
1210 2099 1325 2128 ornate

984 2145 1020 2178 Si
1044 2145 1199 2177 accinctis
1226 2145 1360 2178 renibus

1046 2194 1100 2226 vel
1125 2202 1195 2225 cum
1225 2194 1385 2236 castitate,

998 2242 1160 2277 Calceatis
1182 2243 1322 2283 pedibus

1046 2292 1132 2325 bona
1155 2292 1335 2331 voluntate,

997 2340 1152 2374 Lactucis
1178 2341 1360 2382 agrestibus

1048 2390 1164 2432 culpae
1187 2390 1343 2431 puritate.
