1656 2674
650 7 920 43 -100—

594 175 721 209 Pars
764 173 969 215 quinta.

668 248 896 279 Adsextam.

767 328 795 362 Ι.

116 403 195 437 121.
222 402 303 444 Ave,
332 399 498 435 odorifera

276 449 417 489 Nardus,
447 450 526 482 dans
551 447 694 487 odorem,

224 498 337 538 Terra,
362 500 494 538 pontus,
520 496 654 529 aethera

271 549 338 585 Quo
364 548 491 578 sumunt
517 544 671 587 vigorem,

222 595 322 635 Audi,
350 595 440 636 virgo
466 598 589 633 tenera,

272 644 378 676 Tuum
401 643 616 683 laudatorem,

226 692 370 733 Abigens
396 689 555 732 pestifera

272 740 458 782 Mentisque
483 740 680 781 languorem.

121 799 198 832 122.
225 799 307 838 Avo,
334 798 529 831 venerabilis

272 847 384 881 Mater
407 847 501 879 verbi
526 846 651 884 summi,

225 895 335 935 Moysi
359 895 547 936 spectabilis

275 944 384 986 Virgo,
414 944 539 985 lignum
566 942 667 982 dumi,

229 991 403 1024 Contentas
429 992 480 1024 his
506 991 610 1024 titulis

273 1039 404 1073 Laudes
429 1039 480 1072 fac
509 1039 654 1073 consumi

226 1088 357 1121 Amoris
382 1089 567 1121 scintillulis

275 1136 373 1169 Velut
397 1137 490 1178 virga
515 1136 604 1169 fumi.

120 1195 199 1229 123.
226 1195 299 1228 Ave
328 1194 581 1239 tabernaculum,

276 1244 315 1277 In
332 1253 394 1285 quo
412 1243 581 1286 requievit,

229 1291 289 1331 Qui
314 1291 427 1324 mundi
451 1293 616 1333 piaculum

276 1339 421 1372 Moriens
448 1340 579 1379 delevit,

228 1388 342 1420 Hostis
367 1387 460 1420 aufer
481 1389 626 1430 jaculum

278 1437 370 1475 Quod
392 1438 488 1471 modo
517 1437 663 1470 desaexit

226 1484 265 1517 In
289 1487 409 1518 mundo
436 1489 468 1518 et
492 1486 682 1520 scandalum

276 1532 457 1567 Plurimum
482 1536 652 1568 succrevit.

121 1592 202 1626 124.
229 1594 309 1634 Ave,
338 1593 428 1632 cujus
452 1593 600 1634 planctui

277 1640 382 1673 Natus
409 1642 628 1686 concordavit,

228 1689 315 1722 Filio
341 1690 477 1722 tonitrui

280 1737 357 1772 Cum
383 1741 416 1771 te
443 1739 689 1782 commendavit,

229 1785 294 1820 Sub
321 1788 439 1820 amoris
466 1789 569 1821 mutui

275 1837 362 1869 Pace
387 1837 516 1877 quando
542 1837 670 1879 stravit,

228 1883 349 1917 Hostes
376 1889 431 1917 aut
456 1885 577 1918 astutui

277 1932 359 1973 Ejus
385 1934 539 1967 obviavit.

122 1991 203 2025 125.
231 1991 313 2030 Are,
342 1991 448 2025 virens
473 1993 580 2032 vinea,

279 2042 367 2082 Quae
392 2043 471 2073 tunc
496 2039 645 2085 floruisti,

233 2087 310 2121 Cum
338 2088 500 2124 Christum
527 2091 674 2131 virginea

280 2138 387 2172 Carne
411 2138 561 2179 genuisti,

230 2184 295 2218 Sed
322 2195 441 2219 corona
464 2187 579 2228 spinea

279 2235 438 2267 Punctum
466 2244 538 2267 cum
564 2236 686 2277 vidisti,

231 2281 341 2314 Veluti
368 2281 508 2316 feminea

279 2330 397 2363 Tristis
424 2332 587 2365 exstitisti.

817 395 897 429 126.
923 396 1006 436 Ave,
1033 395 1134 435 stirps
1161 404 1225 435 qua
1249 393 1359 427 floruit

972 443 1052 476 Flos
1078 443 1316 485 amygdalinus‚

925 493 988 533 Qui
1011 495 1118 525 morte
1144 490 1298 525 defloruit.

975 541 1132 574 Conditus
1157 541 1303 582 supinus,

926 591 991 625 Sed
1018 598 1154 632 surgens
1180 587 1331 622 refloruit.

972 639 1021 672 Ut
1044 637 1105 672 flos
1127 638 1319 679 matutinus,

922 688 1037 721 Facile
1061 697 1136 720 nam
1165 687 1284 729 potuit,

974 736 1072 769 Velut
1096 745 1156 769 rex
1183 736 1322 769 divinus.

818 793 897 828 127.
925 795 1008 835 Ave,
1041 795 1132 835 cujus
1158 795 1245 828 uteri

974 842 1096 875 Nobile
1120 846 1288 884 gestamen

924 890 1111 924 Resarcivit
1133 892 1245 932 superi

973 940 1079 982 Regni
1102 940 1287 974 laceramen

928 988 1022 1021 Servi
1047 990 1095 1021 tui
1120 990 1231 1022 miseri

975 1036 1081 1071 Aufer
1107 1038 1296 1079 allutamem

929 1086 997 1126 Quo
1020 1096 1140 1128 gravor
1165 1086 1318 1129 pestiferi

976 1135 1090 1168 Hostis
1117 1135 1158 1168 ob
1183 1136 1358 1172 luctamen.

928 1194 1010 1231 Avo,
1037 1203 1113 1234 spes
1140 1194 1249 1228 solatii

977 1242 1110 1276 Cunctis
1135 1243 1312 1285 tribulatis,

932 1291 1053 1325 Civitas
1079 1290 1199 1334 refugii

978 1339 1025 1372 Et
1049 1341 1247 1382 securitatis,

929 1389 1049 1422 Poenis
1073 1390 1258 1432 purgatorii

979 1438 1108 1471 Pressis
1134 1448 1194 1480 pro
1222 1439 1365 1480 peccatis

928 1487 997 1520 Fer
1025 1489 1144 1521 donum
1170 1489 1310 1521 remedii

978 1535 1090 1578 Atque
1116 1537 1261 1577 pietatis.

930 1595 1011 1638 Ave,
1039 1597 1137 1636 porta
1163 1596 1293 1636 coelica,

978 1643 1043 1676 Per
1069 1653 1165 1684 quam
1190 1647 1269 1677 tuno
1295 1644 1396 1678 exivit

931 1692 1092 1733 Christus,
1121 1701 1192 1725 cum
1218 1693 1403 1727 substantia

982 1740 1096 1774 Carnis
1122 1751 1159 1774 se
1183 1743 1326 1787 vestivit,

931 1790 985 1823 Ex
1011 1790 1201 1823 obedientia

979 1838 1122 1872 Mortem
1148 1840 1234 1872 hanc
1259 1840 1383 1874 subivit

931 1888 979 1920 Et
1002 1888 1050 1921 ita
1075 1888 1206 1921 siderea

978 1936 1096 1979 Regna
1120 1938 1303 1971 resarcivit.

823 1995 904 2030 130.
930 1995 1015 2039 Ave,
1042 1996 1147 2039 virgo,
1174 1998 1344 2037 speculum

981 2044 1145 2078 Bonitatis
1171 2047 1245 2088 Dei,

933 2094 1111 2127 Praestans
1138 2094 1361 2129 habitaculum

979 2141 1062 2182 Ejus
1088 2144 1224 2187 requiei,

930 2190 995 2222 Per
1021 2192 1140 2223 amoris
1166 2192 1332 2226 vinculum

982 2238 1039 2271 Me
1065 2239 1241 2282 conjungas
1268 2242 1308 2286 ei,

934 2285 1099 2320 Auferens
1122 2288 1288 2329 piaculum

981 2334 1131 2368 Foedum
1157 2338 1267 2372 cordis
1293 2341 1367 2374 mei.

819 1191 900 1228 128.

820 1593 902 1627 129.
