1656 2674
678 44 941 81 —170—

143 140 200 174 18.
229 140 290 181 Qui
314 141 406 174 nobis
424 142 457 173 in
475 140 602 174 stabulo

139 537 195 571 19.

138 827 194 862 21.

138 1226 193 1259 22.

139 1623 194 1657 23.

139 2023 197 2056 24.

272 190 384 222 taliter
409 192 458 221 θεῖ
481 192 586 231 natus,

224 238 294 271 Tuo
321 237 517 270 adminiculo

270 286 374 318 nostri
398 286 569 318 miseratus

224 333 337 367 Solvat
360 343 420 367 nos
445 343 464 366 a
488 335 629 375 vinculo,

272 382 380 415 deleat
403 384 522 424 reatus,

221 430 307 463 Nam
333 433 383 463 est
406 430 440 463 in
465 431 612 471 periculo

270 482 382 511 noster
406 479 575 512 incolatus

221 537 283 578 Qui
307 537 423 577 pannis
449 536 626 570 involvitur

274 585 306 618 A
332 588 374 627 te,
401 585 493 626 virgo
521 585 584 624 dia,

222 634 262 667 In
287 642 448 675 praesepe
470 633 603 675 ponitur

271 683 370 717 Ounis
398 686 487 715 caret
508 683 594 724 quia,

223 827 283 867 Qui
309 827 413 868 imago
440 827 595 860 scribitur

268 876 372 917 patris
399 878 430 908 et
456 876 572 916 sophia

223 924 270 957 Et,
293 923 334 956 ab
360 924 449 956 omni
474 925 589 957 colitur

275 972 357 1005 coeli
383 972 577 1016 hierarchia,

220 1021 271 1053 De
297 1024 330 1052 te
357 1030 454 1054 carne
478 1022 632 1063 nascitur,

273 1068 353 1102 felix
379 1079 397 1102 o
421 1069 541 1112 Maria,

220 1118 266 1150 Et
290 1118 337 1150 ita
362 1117 531 1159 perficitur

269 1169 380 1201 vatum
406 1166 589 1207 prophetia.

222 1224 321 1264 Quem
346 1225 482 1257 salutem
507 1225 660 1266 gentium,

269 1273 360 1314 virgo
387 1274 482 1313 laeta,
509 1274 609 1314 paris,

223 1321 283 1361 Qui
310 1325 360 1353 est
382 1331 417 1354 se
442 1322 613 1354 colentuini

274 1371 389 1403 ductor
417 1370 599 1411 singularis,

224 1417 370 1451 Gemitus
400 1419 577 1452 dolentium

272 1475 377 1508 cerne,
404 1468 501 1500 stella
524 1472 635 1508 maris,

221 1515 267 1548 Et
292 1525 350 1548 nos
377 1525 396 1548 a
422 1516 619 1549 laedentium

271 1563 388 1597 fraude
412 1566 543 1597 tuearis.

226 1621 323 1663 Cujus
349 1621 514 1655 infantilia

269 1671 416 1703 membra
441 1670 517 1703 dum
541 1672 707 1705 tractabas

225 1719 269 1752 Et
296 1728 368 1751 cum
396 1719 565 1760 diligentia

271 1768 320 1801 illi
345 1768 565 1805 ministrabas,

222 1816 275 1849 Ab
302 1817 374 1857 ipso
401 1817 517 1850 solatia

271 1866 375 1898 multa
401 1867 582 1906 captitabas

223 1914 404 1955 Osculaque
431 1914 539 1948 dulcia

272 1963 342 2004 Ipsi
359 1972 458 2005 saepe
476 1964 587 1996 dabas.

227 2018 329 2062 Cujus
354 2022 389 2054 in
413 2022 475 2054 hoc
500 2022 629 2055 saeculo

274 2079 345 2103 eras
372 2070 551 2112 educatrix,

221 2118 441 2152 Ministrando
468 2119 581 2152 sedulo

271 2170 377 2200 mater
403 2172 436 2200 θῖ
460 2168 611 2210 amatrix,

225 2215 409 2249 Christiano
434 2218 555 2257 populo

274 2265 318 2296 sis
345 2265 543 2308 auxiliatrix,

222 2312 290 2346 Sed
316 2316 349 2345 et
370 2313 450 2346 mihi
475 2312 596 2347 famulo

273 2364 328 2394 tuo
355 2362 561 2395 consolatrix.

838 344 894 377 20.

776 769 837 804 111.

837 829 894 862 25.

836 1227 892 1260 26.

837 1626 893 1657 27.

920 141 1122 181 Angelorum
1149 140 1266 172 colitur

972 189 1059 222 dulci
1084 188 1272 229 hymnodia,

922 238 953 269 A
979 239 1112 277 pastore
1137 237 1305 278 quaeritur

970 286 1139 318 voluntate
1163 285 1229 325 pia.

923 343 1022 383 Cuius
1049 345 1084 374 tu
1111 342 1300 384 dignissima

969 394 1074 424 mater
1102 391 1333 432 comprobaris,

921 439 1021 473 Unde
1048 439 1257 472 devotissima

972 488 1071 521 laude
1096 489 1261 521 veneraris

921 538 953 569 A
975 536 1244 570 christianissima

972 586 1070 626 plebe
1096 588 1129 618 et
1151 586 1280 626 amaris,

922 635 1023 675 Quam
1049 644 1069 667 a
1093 636 1189 676 gente
1211 634 1355 675 pessima

970 692 1069 724 prece
1093 683 1226 716 tuearis,

921 828 983 868 Qui
1007 828 1072 868 legi
1098 828 1280 869 subjicitur,

969 877 1034 918 legi
1056 876 1252 917 prophetali,

921 925 1055 965 Quando
1082 925 1325 958 circumciditur

971 982 1068 1006 carne
1093 973 1255 1016 virginali,

921 1022 985 1056 Cor
1009 1025 1099 1055 tuum
1127 1023 1309 1055 concutitur

967 1074 1057 1104 motu
1084 1071 1267 1110 maternali,

920 1120 1002 1160 EJ'us
1028 1120 1158 1160 quando
1184 1118 1334 1152 funditur

967 1168 1097 1209 sanguis
1123 1168 1219 1201 modo
1246 1167 1316 1200 tali.

919 1226 980 1266 Qui
1006 1228 1056 1258 est
1079 1224 1255 1258 ineffabilis

966 1274 1045 1307 Jesu
1069 1275 1263 1314 nominatus,

920 1321 1263 1364 Incomprehensibilis

968 1373 1001 1405 in
1026 1373 1098 1405 loco
1123 1372 1259 1412 locatus,

919 1420 959 1453 In
982 1430 1018 1453 se
1039 1419 1261 1460 impalpabilis

967 1468 1116 1502 manibus
1140 1471 1309 1510 tractatus,

921 1517 1023 1550 Morti
1046 1516 1259 1557 impassibilis

970 1566 1011 1599 ab
1037 1565 1157 1606 iniquis
1185 1565 1291 1600 datuS.

923 1623 1020 1664 Cujus
1045 1633 1163 1657 nomen
1191 1624 1324 1656 coelitus

970 1672 1034 1705 suit
1058 1675 1293 1714 consecratum,

921 1721 993 1754 Nec
1017 1730 1082 1755 non
1109 1727 1141 1755 et
1166 1722 1343 1762 antiquitus

971 1774 1021 1803 est
1044 1769 1309 1812 praefiguratum,

922 1818 984 1853 Est
1010 1829 1030 1852 a
1054 1819 1175 1852 sanctis
1200 1819 1351 1859 patribus

972 1869 1048 1901 olim
1074 1869 1316 1910 prophetatum,

921 1918 952 1950 A
978 1916 1146 1958 prophetis
1172 1917 1312 1957 amplius

973 1970 1022 1998 est
1049 1966 1280 1998 desideratum.

927 2022 1025 2064 Cujus
1051 2033 1168 2057 nomen
1193 2023 1314 2062 nobile,

974 2081 1091 2105 nomen
1117 2074 1197 2107 Jesu
1222 2071 1389 2111 blandum,

923 2120 954 2154 A
978 2122 1121 2161 peccatis
1147 2120 1258 2154 habile

970 2169 1127 2203 mundum
1153 2170 1198 2202 ad
1221 2168 1426 2209 salvandum,

924 2217 1027 2250 Nobis
1054 2221 1104 2249 est
1128 2217 1279 2256 amabile,

973 2265 1067 2298 nobis
1092 2266 1322 2303 venerandum,

925 2313 1055 2347 Cunctis
1078 2314 1282 2355 admirabile,

975 2362 1097 2395 cunctis
1123 2362 1391 2404 praedicandum.
