1656 2674
125 308 181 342 31.

124 1159 181 1192 33.

121 1587 176 1620 34,

663 52 928 88 *176—

210 307 308 347 Cujus
330 303 532 338 admirabilis

255 362 438 387 sermonum
464 352 613 385 doctrina

207 402 342 437 Judaeis
367 401 545 434 incredulis

254 448 380 483 exstitit
403 449 508 489 ruina,

208 500 274 532 Sed
299 499 365 530 suis
392 501 442 530 est
466 496 596 529 famulis

252 556 332 580 vera
355 546 528 582 medicina,

205 596 346 629 Servans
371 606 393 627 a
417 593 582 635 periculis,

252 645 373 677 ducens
399 644 442 676 ad
468 642 588 675 divina.

172 758 179 767 .
203 731 265 771 Qui
290 740 365 764 suos
392 729 569 770 discipulos

251 780 341 812 misit
364 778 558 820 praedicare

202 828 247 861 Et
273 837 383 861 omnes
406 826 592 860 incredulos

251 878 295 910 ad
319 875 417 909 fidem
443 883 570 917 vocare,

201 926 398 958 Restaurare
423 924 603 964 languidOS,

250 975 396 1014 leprosos
421 973 589 1014 mundare,

203 1023 369 1056 Suscitare
393 1025 548 1058 mortuos,

254 1070 365 1104 Caenis
391 1071 500 1102 lumen
527 1069 615 1101 dare.

210 1157 271 1197 Qui
298 1157 451 1191 dilectum
478 1155 633 1189 famulum

255 1215 346 1239 suum
374 1210 407 1238 et
431 1206 632 1246 symmistam

203 1255 416 1289 Commendat
441 1254 483 1287 ad
508 1253 675 1295 populum,

253 1304 435 1337 Johannem
457 1302 645 1343 baptistam,

207 1353 306 1392 Cujus
331 1361 431 1392 prece
454 1352 618 1391 perfidum

252 1401 364 1442 abigat
388 1400 577 1442 sophistam,

210 1450 341 1483 Plebem
366 1450 400 1482 in
425 1449 605 1491 periculum

252 1508 294 1531 ne
317 1499 477 1539 perducat
501 1498 608 1530 istam.

207 1586 308 1627 Cujus
334 1585 564 1627 praeamabilis

254 1644 326 1668 eras
354 1634 524 1668 educatrix

198 1683 270 1716 Nec
293 1693 360 1717 non
384 1693 405 1716 a
427 1684 583 1725 periculis

250 1732 360 1765 multis
388 1732 600 1766 defensatrix.

204 1781 302 1823 CuJ'us
327 1782 430 1822 pedes
456 1782 574 1813 osculis

252 1831 438 1864 demulcens
463 1829 641 1870 peccatrix,

204 1880 303 1920 Cujus
328 1878 524 1912 venerabilis

249 1928 338 1961 facta
363 1932 413 1961 est
437 1928 586 1961 amatriX.

119 2039 125 2048 .
167 2037 180 2049 ,Δ
203 2016 264 2057 Qui
290 2024 408 2048 corona
433 2015 555 2057 gloriae

249 2066 431 2099 <Iohannem
460 2063 593 2102 dotavit,

202 2113 361 2155 Regulam
385 2112 532 2153 justitiae

254 2162 330 2202 quia
355 2160 547 2203 defensavit,

201 2209 299 2243 Unde
327 2218 385 2242 rex
407 2209 563 2242 saevitiae

251 2259 358 2299 ipsum
384 2257 568 2294 decollavit,

203 2306 258 2339 Sic
282 2307 388 2339 locum
414 2305 569 2338 lasciviae

249 2355 391 2395 turpiter
416 2354 570 2388 foedavit.

765 208 824 243 IV.

825 305 880 339 36.

826 1158 881 1191 35.

824 1588 879 1620 35.

911 305 971 345 Qui
997 312 1057 344 per
1080 312 1171 335 suum
1198 302 1347 344 angelum

957 352 1129 385 commovit
1154 351 1325 391 piscinam,

906 400 1082 441 Porrigens
1105 399 1148 432 ad
1173 399 1361 441 languidum

955 459 1055 482 unum
1078 448 1285 482 medicinam.

910 498 1056 531 Gratiam
1081 505 1135 529 me
1159 497 1312 529 miserum

956 550 1063 579 servet
1089 554 1150 587 per
1176 546 1331 585 divinam,

908 596 960 628 Ne
984 595 1098 627 trahar
1121 603 1182 635 per
1208 594 1359 626 zabulum

956 644 1000 676 ad
1027 644 1142 684 culpae
1168 644 1304 676 ruinam.

873 757 880 765 .
907 732 969 771 Qui
992 739 1045 762 me
1069 732 1134 763 tuis
1161 731 1313 771 precibus

956 778 1105 811 sublevet
1128 778 1346 819 languentem,

905 827 1004 860 Bonis
1030 827 1070 858 ab
1097 827 1250 868 operibus

951 876 1019 916 jam
1047 874 1261 916 deficientem,

908 924 1067 957 Claudum
1088 924 1122 956 in
1148 922 1327 965 affectibus,

956 973 1064 1014 gratia
1090 977 1264 1009 carentem,

907 1022 938 1053 A
965 1020 1191 1054 devotionibus

957 1069 1038 1102 meis
1065 1074 1276 1102 arescentem.

911 1156 970 1197 Qui
998 1165 1067 1188 cum
1093 1159 1189 1198 patre
1212 1157 1352 1198 provide

959 1209 1075 1238 cuncta
1101 1209 1265 1247 operatur,

905 1254 997 1295 Quod
1023 1254 1064 1287 ab
1092 1263 1128 1287 eo
1155 1254 1302 1294 perfidae

955 1303 1044 1344 genti
1068 1303 1249 1338 intimatur.

907 1351 1003 1385 Unde
1028 1353 1128 1393 magis
1156 1350 1285 1385 fervide

956 1401 1042 1434 hunc
1065 1401 1333 1441 persequebatur,

908 1449 993 1482 Nam
1014 1458 1050 1481 se
1074 1451 1162 1490 patri
1185 1449 1293 1482 lucide

955 1507 1070 1540 parem
1093 1498 1284 1532 testabatur.

907 1586 958 1618 De
983 1595 1045 1628 quo
1071 1596 1130 1619 sua
1155 1595 1257 1627 opera

955 1638 1029 1668 sunt
1053 1633 1240 1675 testificata,

907 1684 1001 1716 Patri
1024 1684 1112 1724 quod
1136 1687 1185 1715 est
1212 1684 1349 1716 dextera

957 1733 1068 1774 proles
1093 1733 1284 1773 adaequata,

904 1781 1063 1814 Errorum
1088 1780 1247 1822 pestifera

954 1829 1074 1863 fraude
1096 1830 1160 1862 hac
1182 1830 1299 1862 sedata

907 1878 978 1911 Nec
998 1888 1063 1911 non
1088 1878 1182 1919 plebs
1207 1879 1250 1911 ad
1277 1880 1411 1912 aethera

955 1928 1091 1960 credens
1116 1931 1280 1961 revocata.

871 2039 878 2046 .
907 2015 967 2054 Qui
991 2015 1096 2055 patris
1121 2015 1155 2046 in
1181 2014 1329 2047 omnibus

954 2063 1080 2104 quaerit
1105 2063 1316 2099 voluntatem,

903 2111 1104 2144 Praedicans
1128 2111 1313 2144 hominibus

956 2160 1024 2200 ejus
1051 2160 1263 2203 majestatem,

904 2207 946 2239 Ei
967 2215 1030 2247 par
1053 2210 1092 2238 ut
1113 2206 1199 2239 filius

952 2264 1013 2295 per
1038 2254 1267 2295 aequalitatem

904 2302 1063 2342 Suamque
1088 2302 1242 2343 operibus

950 2350 1067 2391 pandit
1091 2354 1296 2391 potestatem.
