1656 2674
732 125 998 162 ——193—

714 259 760 291 57.
800 258 969 291 Rosarium
990 261 1017 291 7.

218 436 250 471 1.
280 436 341 477 Qui
366 436 513 470 decrevit
536 437 699 470 hominem

326 488 479 525 potenter
503 485 645 519 liberare

278 533 376 567 Suam
401 534 444 566 ad
469 533 644 576 imaginem

326 585 359 614 et
384 581 540 624 effigiare,

277 631 453 672 Proprium
478 640 540 671 per
565 631 754 672 sanguinem

326 679 434 720 ipsum
460 678 649 721 reformare,

279 728 369 762 Coeli
395 727 621 761 celsitudinem

324 777 372 809 ita
396 780 593 811 restaurare.

216 856 249 888 2.
277 854 345 895 Quo
371 854 628 888 misericorditer

328 912 439 936 sumus
462 903 606 945 liberati,

277 952 338 994 Qui
360 952 565 993 judicialiter

325 999 445 1033 fuimus
473 1001 627 1040 damnati,

276 1051 342 1084 Per
367 1049 494 1082 hostem
519 1047 684 1082 fallaciter

326 1099 456 1139 quando
482 1100 558 1130 sunt
582 1097 740 1138 prostrati

277 1149 436 1181 Parentes
460 1147 646 1187 procaciter

325 1198 358 1227 et
382 1195 609 1235 praevaricati.

217 1275 249 1307 3.
277 1272 338 1314 Qui
364 1275 414 1304 est
438 1274 552 1304 auctor
576 1280 690 1304 un1cus

321 1321 487 1353 hominum
512 1321 627 1353 salutis

273 1371 320 1403 Et
342 1370 534 1411 redemptor
556 1369 689 1402 inclitus

312 1419 436 1452 scelere
460 1417 604 1461 imbutis,

272 1467 383 1507 Adsis,
407 1470 522 1507 mater,
551 1467 646 1499 citius

321 1525 385 1557 ope
410 1515 586 1559 destitutis,

273 1564 553 1598 Tribulationibus

318 1614 430 1648 multis
456 1613 651 1647 constitutis.

211 1694 244 1727 4.
272 1691 334 1734 Qui
359 1692 436 1725 olim
463 1701 503 1724 ex
528 1691 672 1724 millibus

323 1743 372 1773 est
396 1750 416 1774 a
440 1743 474 1773 te
500 1740 621 1773 electus

269 1791 320 1824 Ac
344 1799 426 1832 prae
448 1789 547 1823 rebus
573 1789 720 1822 omnibus

320 1839 437 1872 creatis
465 1838 615 1880 dilectus,

270 1889 336 1922 Hic
361 1897 382 1921 a
407 1887 643 1921 contribulibus

317 1937 384 1971 suis
411 1940 461 1970 est
487 1937 659 1977 despectus

270 1986 336 2020 Sed
363 1989 396 2019 et
420 1996 441 2019 a
465 1986 624 2020 militibus

318 2035 377 2068 vili
402 2039 494 2068 veste
518 2037 634 2068 tectus.

207 2113 240 2146 5.
268 2113 369 2154 Quem
397 2121 516 2146 corona
537 2113 652 2154 spinea

317 2170 388 2194 cum
415 2165 653 2196 coronaverunt

265 2210 312 2244 Et
336 2213 428 2244 veste
451 2220 620 2253 purpurea

314 2261 401 2294 hunc
427 2260 723 2301 circumdederunt,

267 2310 388 2351 Clam,
413 2309 535 2355 flagris,
562 2311 678 2344 lancea

313 2360 485 2402 ipsumque
511 2358 676 2403 foderunt,

266 2408 292 2442 Ο
318 2411 423 2442 mater
447 2409 605 2451 virginea,

313 2461 346 2491 te
370 2467 496 2501 quoque
521 2459 696 2492 laeserunt.

236 2520 257 2543 D
264 2527 277 2543 r
283 2526 316 2544 ev
322 2525 335 2543 e
340 2526 352 2542 s
360 2536 366 2546 ,
383 2519 514 2544 Udalricus
529 2519 741 2543 Wessofontanus.

920 438 952 472 6.
980 437 1077 479 Cujus
1105 441 1203 478 caput
1226 437 1377 479 stigmate

887 2112 944 2147 10.

1026 487 1085 519 illa
1109 487 1223 519 mortis
1249 495 1306 519 rea

979 533 1055 567 Sive
1081 534 1264 567 diademate

1025 583 1210 625 praecinxit
1234 583 1370 627 Judaea,

978 632 1027 664 Te
1051 631 1209 664 submisso
1237 632 1343 672 capite

1026 688 1154 724 precor,
1182 682 1286 713 mater
1307 689 1389 719 mea,

978 729 1087 771 Purga
1111 738 1164 761 me
1188 739 1208 761 a
1232 728 1376 761 limmate

1025 778 1078 810 vel
1102 778 1220 810 mentis
1245 778 1409 818 morphea.

943 867 954 888 .·
978 855 1043 888 Pro
1070 864 1131 895 quo
1158 857 1194 887 tu
1218 855 1354 887 tristitia

1012 912 1131 945 magna
1159 903 1359 946 gravabaris,

978 952 1057 986 Cum
1083 960 1230 991 pressum
1256 951 1406 993 angustia

1024 1001 1111 1033 hunc
1135 999 1314 1033 intuebaris

976 1049 1018 1082 In
1042 1048 1129 1081 omni
1153 1048 1317 1081 moestitia

1025 1100 1062 1129 tu
1086 1105 1138 1128 me
1163 1096 1295 1138 tuearis,

977 1145 1134 1178 ovantem
1158 1145 1322 1178 industria

1023 1194 1095 1227 odis
1120 1194 1171 1226 his
1196 1194 1387 1235 praeclaris.

976 1272 1076 1312 Quem
1104 1269 1343 1303 delectabiliter

1024 1320 1101 1352 olim
1125 1322 1162 1351 tu
1187 1319 1355 1360 pascebas,

974 1368 1063 1401 Huic
1086 1367 1341 1401 lamentabiliter

1023 1426 1120 1458 passo
1146 1416 1339 1460 adsistebas,

973 1466 1096 1499 Ensem
1120 1468 1199 1498 tunc
1223 1465 1387 1498 veraciter

1022 1514 1109 1547 vatis
1134 1513 1308 1555 sentiebas,

975 1564 1050 1597 Pati
1075 1565 1142 1595 tam
1169 1563 1346 1596 crudeliter

1020 1616 1133 1645 natum
1160 1621 1231 1644 cum
1258 1612 1422 1645 cernebas.

938 1713 945 1721 .
974 1691 1074 1731 Quem
1100 1693 1136 1723 ut
1160 1693 1251 1723 tuum
1276 1688 1379 1722 filium

1024 1739 1123 1773 corde
1150 1738 1320 1781 diligebas,

975 1788 1077 1822 Omne
1101 1797 1177 1820 nam
1202 1787 1354 1821 solatium

1020 1838 1056 1870 in
1080 1836 1152 1877 ipso
1178 1835 1334 1878 habebas,

970 1887 1070 1921 Unde
1093 1894 1244 1927 magnum
1271 1885 1414 1918 crucium

1018 1935 1054 1968 in
1078 1938 1187 1967 mente
1211 1933 1351 1976 ferebas,

971 1984 1055 2025 Ejus
1080 1983 1315 2025 improperium

1020 2034 1150 2075 quando
1176 2032 1343 2068 audiebas,

970 2111 1113 2153 Propter
1138 2120 1235 2154 quem
1258 2110 1426 2144 tristitiam

1008 2161 1146 2194 alteram
1170 2159 1326 2202 habebas,

972 2210 1085 2244 Crucis
1112 2218 1183 2242 cum
1209 2209 1392 2251 angustiam

1019 2260 1090 2300 pati
1114 2258 1202 2291 hunc
1228 2258 1383 2291 cernebas

969 2308 1016 2342 Et
1039 2317 1190 2349 magnam
1212 2307 1367 2349 injuriam

1018 2356 1108 2391 ferre
1132 2358 1301 2400 audiebas,

968 2408 1040 2442 Nec
1062 2407 1114 2440 illi
1140 2407 1324 2449 suppetiam

1018 2456 1179 2499 praebere
1201 2456 1344 2491 valebas

1317 2512 1354 2544 13
