1656 2674
189 360 249 394 31.

187 787 243 820 32.

185 1213 243 1248 33.

178 1642 236 1675 34.

177 2071 234 2104 35.

729 100 995 137 —181-

276 360 339 400 Qui
364 362 556 402 amplexans
582 364 737 404 parvulos

309 409 368 442 hos
393 410 613 444 benedicebat

274 458 450 500 velutique
474 460 617 493 ramulos

321 505 400 539 fidei
426 505 569 549 fovebat,

272 554 370 588 Tales
396 557 431 588 in
459 555 637 597 discipulos

322 604 387 636 sibi
413 604 554 645 eligebat

272 651 319 684 Et
342 653 427 685 sicut
452 654 617 693 apostolos

320 701 411 742 ipsos
439 701 607 742 diligebat.

272 786 333 826 Qui
359 786 484 819 relictis
510 787 624 820 ovibus

321 835 500 877 nonaginta
524 845 640 869 novem

271 883 310 916 In
339 884 479 917 desertis
504 886 669 918 montibus

319 933 469 973 perrexit
494 933 538 966 ad
563 943 656 966 ovem

271 980 435 1014 Mutatam
461 982 640 1015 sceleribus

318 1030 353 1062 in
378 1030 545 1071 petuleum
571 1031 699 1073 bovem,

270 1077 405 1111 Mutans
431 1078 517 1111 hanc
543 1080 680 1112 celerius

321 1127 440 1159 iterum
464 1127 499 1159 in
525 1137 627 1161 ovem.

271 1212 331 1253 Qui
356 1223 417 1254 pro
445 1214 579 1255 dragma
603 1215 730 1247 decima

320 1262 361 1294 de
387 1262 476 1295 coelo
504 1262 685 1304 deseendit,

270 1309 359 1350 Quae
384 1312 549 1351 sequendo
574 1311 718 1352 pessima

318 1359 475 1392 oberrans
501 1359 648 1402 offendit⁷

270 1407 331 1447 Qui
359 1416 457 1440 carne
483 1409 660 1449 purissima

316 1456 483 1489 lucernam
509 1458 661 1490 accendit

263 1505 488 1546 inventaeque
512 1507 654 1539 maxima

310 1563 447 1587 munera
471 1554 643 1595 impendit.

265 1640 325 1680 Qui
348 1641 488 1683 jungens
516 1642 678 1674 coestibus

309 1689 472 1723 Lazarum
497 1691 693 1732 mendicum,

262 1738 382 1770 Mersit
406 1739 520 1780 poenis
547 1740 678 1772 acribus

315 1786 448 1820 divitem
474 1787 632 1829 iniquum,

261 1834 319 1868 Me
344 1845 437 1870 suum
464 1836 654 1869 clementius

312 1883 414 1917 faciat
438 1885 588 1926 amicum,

263 1932 408 1974 Abigens
434 1943 454 1966 a
477 1933 598 1967 finibus

311 1983 391 2015 meis
417 1983 594 2017 inimicum.

264 2069 362 2111 Cujus
388 2078 441 2103 me
465 2070 615 2103 inutilem

309 2128 440 2153 servum
465 2129 535 2152 sum
560 2119 729 2161 professus

259 2167 383 2211 Legem
406 2168 628 2202 venerabilem

310 2218 401 2259 cujus
427 2227 499 2250 sum
522 2221 757 2260 transgressus,

258 2267 418 2302 Mundum
446 2275 585 2308 sequens
611 2266 763 2308 fragilem

306 2325 407 2358 augeo
435 2325 597 2360 excessus,

258 2365 314 2398 Ad
338 2368 372 2398 te
397 2366 653 2407 praeamabilem

308 2415 405 2449 venio
428 2424 516 2447 nunc
541 2414 657 2449 fessus.

835 258 893 292 IV.

896 365 952 398 36.

894 791 950 824 37.

891 1216 948 1249 38.

887 1643 943 1676 39.

883 2071 940 2104 40.

979 365 1090 406 Quem,
1113 373 1187 397 cum
1210 366 1245 398 in
1268 365 1432 398 encaeniis

1027 413 1193 446 habitaret
1218 414 1291 457 rite,

985 461 1146 502 [mpetunt
1169 463 1298 495 insidiis

1031 511 1299 544 Hierusalimitae

981 559 1112 592 Clarum
1139 559 1331 592 testimoniis

1029 616 1162 647 operum
1188 610 1221 639 et
1245 608 1331 640 vitae

979 654 1144 688 Lacerant
1168 655 1381 697 blasphemiis

1028 704 1169 737 maxima
1195 713 1267 737 cum
1291 706 1358 737 lite.

977 790 1037 830 Qui
1062 791 1267 831 languentem
1294 792 1398 824 noluit

1026 840 1186 872 Lazarum
1216 848 1338 883 curare,

977 888 1108 928 VolenS,
1135 890 1308 929 postquam
1334 888 1425 930 obiit,

1024 936 1110 968 hunc
1134 937 1339 973 resuscitare,

977 983 1122 1017 Gloriam
1148 984 1196 1016 sic
1219 986 1322 1017 voluit

1024 1041 1115 1065 suam
1141 1033 1327 1073 propalare,

977 1081 1046 1121 Qua
1072 1081 1179 1121 morti,
1207 1084 1244 1113 ut
1268 1081 1386 1123 patuit,

1024 1131 1134 1169 potest
1158 1129 1329 1170 imperare.

976 1216 1076 1256 Quem
1101 1215 1237 1248 Martha
1259 1216 1426 1249 humiliter

1022 1262 1169 1304 flensque
1194 1264 1356 1307 adoravit,

974 1312 1020 1345 Et
1043 1312 1291 1345 lacrimabiliter

1026 1360 1162 1394 fratrem
1190 1361 1374 1402 deploravit

977 1410 1043 1443 Sed
1067 1409 1215 1443 Christus
1240 1410 1426 1451 benigniter

1023 1459 1150 1491 tristem
1175 1458 1341 1498 animavit,

973 1506 1145 1540 'Victuram
1172 1507 1322 1540 celeriter

1023 1556 1052 1588 ei
1076 1556 1248 1588 nuntiavit.

972 1643 1033 1683 Qui
1056 1643 1209 1675 clamavit
1234 1644 1351 1676 misere

1019 1692 1109 1724 vocis
1136 1700 1198 1731 per
1222 1692 1399 1724 lamentum

971 1738 1057 1772 Suae
1081 1740 1199 1772 mentis
1224 1743 1358 1773 tenerae

1018 1788 1168 1829 pandens
1193 1793 1409 1821 amamentum

968 1836 1053 1869 Veni
1082 1836 1181 1878 foras,
1208 1837 1344 1878 Lazare‚

1019 1886 1196 1918 ostendens
1222 1889 1409 1926 portentum

969 1933 1032 1974 Qui
1057 1934 1159 1967 exivit
1182 1944 1325 1976 propere

1018 1984 1168 2025 linquens
1190 1986 1441 2018 monumentum.

971 2070 1070 2112 Cujus
1096 2071 1139 2104 ad
1164 2072 1344 2112 potentiam

1017 2121 1146 2161 pridem
1172 2121 1351 2153 tumulatus

965 2169 1112 2202 Redibat
1133 2170 1354 2210 praesentiam

1015 2218 1137 2251 institis
1162 2218 1291 2260 ligatus,

966 2266 1099 2300 Domini
1124 2276 1184 2308 per
1209 2268 1348 2309 gratiam

1017 2319 1050 2349 et
1074 2316 1276 2358 apostolatus

965 2365 1021 2399 Ad
1048 2366 1306 2399 convenientiam

1017 2416 1105 2449 redit
1131 2416 1181 2448 sui
1206 2418 1321 2449 status.
