1656 2674
717 182 766 186 —-
801 163 884 200 -201
938 187 982 191 —

175 301 231 335 31.
259 303 292 336 A
318 315 381 346 quo
409 308 528 344 divinis
555 317 673 350 osculis

310 354 563 403 refocillaboris,

260 400 292 433 A
315 405 430 437 mundi
452 408 592 446 piaculis

310 451 386 484 dum
413 453 648 501 absolvebaris,

257 497 469 539 Hymnodiae
492 505 597 540 titulis

306 548 405 590 digne
430 550 632 597 laudabaris,

252 595 284 628 A
310 596 417 631 beatis
444 602 569 641 angelis

303 645 380 678 dum
408 647 634 686 deducebaris,

166 693 225 725 32.
254 692 316 733 Qui
341 696 384 727 ad
411 705 503 728 suam
530 700 700 735 dexteram

158 1083 217 1116 33.

155 1474 213 1507 34.

152 1867 207 1902 35.

151 2339 210 2373 41.

301 745 336 774 te
361 749 440 777 tunc
466 746 648 784 collocavit.

251 790 298 824 Et
322 794 361 824 ut
385 795 525 826 matrem
552 799 698 831 teneram

300 840 398 882 digne
423 841 600 877 honoravit

247 887 405 923 Divinam
430 893 607 926 essentiam

300 938 362 971 tibi
390 940 637 983 demonstravit,

246 983 442 1021 Creaturam
468 992 609 1023 ceteram

294 1035 356 1068 tibi
382 1037 581 1079 subJ'ugavit.

245 1084 312 1117 Per
338 1094 434 1126 quern
461 1094 533 1118 cum
559 1087 601 1119 ad
623 1088 735 1121 sidera

295 1137 464 1175 assumpta
490 1134 592 1177 fuisti,

241 1181 289 1213 Et
312 1183 460 1223 gaudens
485 1183 520 1214 in
549 1183 686 1216 dextera

293 1231 362 1270 eius
387 1230 553 1270 resedisti,

243 1277 462 1311 Sacrosancta
486 1278 591 1311 ubera

287 1328 354 1368 ipsi
379 1327 555 1360 ostendisti

238 1376 291 1409 Ac
315 1386 377 1417 pro
404 1378 501 1418 gente
525 1376 647 1410 misera

289 1425 337 1458 sic
360 1426 589 1459 intercessisti.

242 1475 343 1515 Cujus
368 1472 585 1507 multifariam

288 1523 350 1556 tibi
374 1524 432 1556 lux
456 1524 577 1565 illuxit,

240 1572 320 1606 Cum
344 1573 406 1605 tibi
430 1573 615 1614 plenariam

290 1623 430 1663 gratiam
455 1620 597 1665 influxit,

237 1671 285 1704 Et
308 1675 385 1712 post
412 1672 447 1704 in
469 1671 631 1703 vinariam

286 1721 405 1753 cellam
430 1719 627 1760 introduxit,

236 1769 276 1802 In
302 1770 479 1802 coelestem
506 1768 644 1808 gloriam

285 1819 417 1860 quando
442 1820 478 1848 te
502 1816 671 1857 produxit.

237 1867 337 1909 CuJ'us
362 1868 442 1900 olim
467 1865 605 1898 dextera

283 1920 321 1949 tu
345 1913 601 1957 amplexabaris,

239 1966 293 1999 Ab
319 1965 394 2007 ipso
420 1963 464 1997 ad
490 1962 603 1995 sidera

287 2024 359 2047 cum
386 2011 599 2051 exaltabaris,

237 2064 306 2099 Ubi
331 2067 439 2096 mater
464 2064 582 2092 ‘tenera

284 2121 415 2153 Semper
437 2107 633 2150 jucundaris

234 2163 348 2203 Atque
373 2167 474 2201 super
503 2159 613 2189 cetera

287 2213 401 2243 creata
423 2205 582 2241 laudaris.

240 2338 303 2379 Qui
328 2337 364 2369 in
391 2334 499 2377 patris
525 2331 632 2373 gloria

287 2385 345 2419 Sui
373 2387 423 2417 est
447 2384 616 2422 venturus,

235 2436 339 2470 Juxta
364 2442 426 2465 sua
448 2430 568 2462 merita

287 2481 414 2515 cunctis
439 2477 643 2516 redditurus,

823 262 881 297 IV.

880 320 938 354 36.
968 321 1066 362 Cujus
1092 322 1152 356 sub
1178 324 1379 366 umbraculo,

875 706 933 741 37.

871 1090 927 1123 38.

865 1478 922 1511 39.

862 1867 921 1899 40.

1008 372 1106 404 modo
1132 372 1321 414 requiescis,

962 417 1009 450 Et
1033 422 1068 451 ut
1093 418 1154 452 flos
1180 429 1200 452 a
1224 422 1354 454 surculo

1011 468 1095 499 rami
1119 468 1302 509 revirescis,

961 513 1043 554 Ejus
1069 525 1089 548 a
1113 516 1277 556 spiraculo

1012 565 1140 604 temper
1161 565 1346 604 juvenescis

960 611 1012 642 Ac
1037 612 1078 644 ab
1105 612 1174 652 ejus
1200 614 1309 646 osculo

1011 660 1179 693 declinare
1202 662 1319 694 nescis.

959 707 1025 740 Per
1051 717 1146 749 quem
1171 711 1208 740 ut
1232 718 1293 750 per
1317 711 1422 743 filium

1010 756 1109 797 digne
1132 758 1300 789 veneraris

957 803 1004 836 Et
1026 807 1104 845 post
1127 804 1190 836 hoc
1214 806 1362 837 exsilium

1007 852 1051 884 ad
1077 852 1184 884 coelos
1209 853 1331 884 levaris

959 899 1166 940 Dignumque
1190 900 1225 931 in
1250 900 1367 932 solium

1006 947 1053 979 ibi
1081 947 1261 988 collocaris,

958 994 1038 1027 Gum
1065 995 1173 1027 choris
1201 995 1387 1027 coelestium

1005 1043 1062 1075 ubi
1084 1043 1288 1083 Jucundaris

957 1089 1017 1129 Qm·
1044 1094 1077 1122 te
1101 1100 1122 1122 a
1145 1091 1322 1130 putredine

1005 1143 1096 1171 recte
1120 1139 1359 1179 praeservavit,

955 1185 1018 1225 Qui
1040 1189 1107 1218 tam
1132 1186 1229 1226 longo
1256 1190 1405 1226 tempore

1000 1234 1035 1266 in
1061 1236 1095 1266 te
1120 1233 1292 1277 habitavit,

951 1281 1046 1314 Justo
1072 1281 1171 1315 valde
1196 1282 1313 1315 ordine

996 1333 1030 1362 te
1056 1330 1275 1373 resuscitavit,

950 1379 1073 1412 Anima
1099 1382 1132 1411 et
1157 1388 1295 1420 corpore

999 1427 1212 1462 beatificavit.

951 1478 1064 1517 Quem,
1087 1487 1105 1510 o
1135 1476 1239 1509 dulcis
1266 1477 1407 1519 domina,

1000 1526 1145 1569 digneris
1169 1526 1283 1558 lenire.

950 1575 1031 1609 Cum
1059 1576 1100 1608 ob
1126 1577 1243 1608 nostra
1269 1576 1406 1608 crimina

999 1625 1072 1657 vult
1096 1625 1132 1657 in
1157 1633 1217 1656 nos
1243 1625 1371 1656 saevire

948 1672 1071 1706 Mentis
1097 1681 1159 1714 per
1185 1673 1357 1705 conamina

997 1731 1057 1753 nos
1082 1720 1134 1753 illi
1161 1721 1288 1752 servire

949 1769 1019 1801 Fac
1044 1772 1077 1801 et
1102 1768 1322 1802 oblectamina

996 1818 1112 1849 mundi
1138 1815 1302 1849 fastidire.

950 1866 1052 1906 Quem
1078 1868 1136 1897 tua
1160 1864 1310 1904 piissima

997 1913 1239 1946 interventione

949 1962 1113 1995 Retrahas
1139 1970 1159 1993 a
1183 1970 1291 1993 nocua

998 2008 1227 2051 flagellatione,

949 2060 1053 2099 Quam
1078 2056 1208 2098 perfert
1233 2057 1373 2090 ecclesia

997 2116 1059 2147 pro
1086 2105 1347 2146 transgressione

946 2156 979 2188 A
1001 2156 1098 2196 gente
1125 2153 1300 2186 durissima

997 2203 1236 2245 persecutione.

949 2329 1058 2362 Bonos
1084 2329 1119 2361 in
1147 2328 1311 2361 consortia

999 2387 1059 2410 sua
1085 2379 1136 2409 est
1162 2376 1330 2418 ducturus,

947 2427 1057 2460 Malos
1079 2427 1114 2459 in
1139 2425 1273 2458 miseria

994 2484 1120 2517 poenae
1145 2474 1330 2507 relicturus.

1251 2529 1287 2560 13
1297 2529 1332 2546 *ss
