1656 2674
154 266 209 301 11.

150 690 206 722 12.

148 1113 204 1148 13.

149 1538 205 1572 14.

146 1966 204 2001 15.

237 267 298 307 Qui
321 264 402 298 flens
428 264 468 298 ob
496 263 657 296 excidium

281 316 413 347 sanctae
438 312 591 351 civitatis,

233 362 410 395 Imminens
435 369 496 401 pro
523 359 641 393 civium

281 408 435 451 gravibus
458 408 613 448 peccatis,

232 457 299 491 Det
324 457 364 489 ob
389 456 608 497 potrocinium

279 508 354 538 tuae
378 505 511 547 pietatis

231 553 366 587 Miseris
388 553 552 593 auxilium,

278 602 354 643 igne
376 599 568 643 profligatis.

234 687 282 722 Ob
310 689 400 728 cujus
425 688 646 734 praesentiam

281 737 397 769 civitas
421 737 504 770 baec
527 739 599 769 tota

230 785 294 818 Est
316 794 377 827 per
401 786 609 818 insolentiam

277 834 454 874 plurimum
480 837 649 871 commota,

231 883 309 923 Ipse
336 883 392 915 det
416 883 456 916 ob
482 883 622 924 gratiam

277 932 336 972 tui,
363 933 401 963 ut
424 931 507 964 haec
530 934 609 964 vota

229 979 331 1013 Laeto
358 980 456 1012 corde
483 980 650 1013 concinam

278 1031 451 1068 menteque
478 1029 604 1061 devota.

231 1114 292 1154 Qui
316 1114 473 1155 templum
498 1115 665 1148 humiliter

278 1162 414 1195 intravit
441 1164 604 1202 decorum,

230 1209 365 1243 Mensas
391 1211 492 1244 vertit
515 1209 646 1244 fortiter

277 1260 544 1300 numulariorum,

230 1306 352 1340 Dicens
378 1307 588 1340 terribiliter:

279 1355 372 1388 Haec
396 1365 461 1388 non
485 1357 530 1388 sit
554 1360 722 1398 raptorum

230 1403 354 1436 Domus
379 1404 438 1436 sed
463 1404 636 1438 sinceriter

280 1452 350 1485 Deo
377 1453 579 1486 devotorum.

235 1539 333 1579 Cujus
358 1539 522 1573 mirabilia

280 1588 413 1628 quidam
441 1589 517 1621 dum
541 1590 701 1629 viderent,

231 1636 375 1669 Permoti
399 1637 525 1670 invidia

280 1685 425 1725 graviter
449 1685 605 1729 tulerunt,

231 1734 344 1774 Ipsum
365 1735 408 1767 ad
433 1734 597 1775 supplic-ia

279 1782 359 1814 dare
385 1783 610 1823 decreverunt,

231 1830 296 1863 Sed
326 1840 385 1872 pro
412 1832 597 1864 reverentia

279 1879 390 1912 Plebis
419 1880 623 1913 destiterunt.

232 1966 292 2006 Qui
319 1967 399 1999 duos
426 1967 603 2008 discipulos

276 2016 557 2056 principaliorum,

230 2064 371 2097 Vocatos
396 2065 572 2104 apostolos..

283 2112 337 2144 die
361 2114 538 2145 azimorum

231 2160 326 2192 Misit
349 2162 475 2200 priscos
501 2162 640 2202 populos

281 2217 418 2249 sequens
444 2210 655 2250 Judaeorum,

232 2256 403 2290 Paschatis
430 2261 462 2290 et
486 2259 630 2291 aemulos

281 2309 416 2346 patrum
432 2307 656 2347 antiquorum.

784 12 856 48 184
903 32 953 36 —

804 168 851 201 ΙΙ.

854 262 911 297 16.
939 262 1001 302 Qui
1024 261 1059 293 in
1085 269 1122 293 se
1146 259 1356 294 credentibus

850 687 908 721 17.

850 1113 905 1148 18.

851 1540 907 1574 19.

848 1968 905 2001 20.

987 309 1068 342 facit
1090 318 1242 351 magnam
1269 317 1413 349 coenam,

939 358 1071 392 Cunctis
1098 357 1348 391 charismatibus

985 407 1164 448 gratiisque
1186 408 1332 447 plenam,

935 455 996 495 Qui
1021 464 1058 488 se
1081 454 1354 488 manducantibus

982 506 1125 536 mentem
1153 503 1210 537 dat
1234 512 1383 536 serenam

934 553 987 584 Ac
1010 556 1088 593 post
1109 553 1142 584 in
1171 551 1368 585 coelestibus

983 601 1127 641 patriam
1152 609 1332 634 amoenam.

938 688 1000 727 Qui
1027 696 1097 720 cum
1124 687 1304 729 apostolico

984 739 1079 769 coetu
1105 737 1183 769 dum
1207 737 1355 769 sedebat.

933 785 1094 818 Paschate
1114 785 1261 818 Mosaico

983 843 1019 866 se
1043 833 1223 873 reficiebat,

932 882 1058 914 Manna
1081 885 1160 915 tunc
1185 891 1258 914 cum
1285 882 1408 914 coelico

980 939 1058 963 rore
1080 930 1313 970 descendebat,

934 978 976 1011 Se
1002 980 1165 1012 edendum
1187 980 1327 1020 mystico

981 1037 1066 1067 pane
1094 1028 1169 1061 dum
1194 1027 1387 1069 praebebat.

933 1114 994 1155 Qui
1021 1123 1093 1146 cum
1120 1114 1331 1147 contubernio

983 1172 1052 1202 suo,
1081 1163 1168 1203 quod
1193 1163 1334 1204 amabat,

932 1211 1055 1252 Magno
1082 1211 1246 1244 desiderio

980 1259 1107 1301 pascha
1129 1260 1361 1301 manducabat,

934 1307 1000 1340 Sua
1026 1308 1099 1341 dira
1124 1308 1234 1347 passio

980 1356 1143 1397 siquidem
1168 1356 1323 1398 instabat,

932 1404 1058 1438 Nostra
1081 1405 1235 1438 liberatio

981 1463 1047 1493 qua
1071 1454 1371 1495 appropinquabat.

936 1540 1036 1581 Cujus
1060 1540 1096 1573 in
1122 1541 1312 1582 obsequium

981 1587 1050 1622 fide
1077 1590 1292 1631 captivamur.

933 1636 1011 1679 Spei
1034 1646 1096 1679 per
1120 1638 1303 1671 subsidium

982 1687 1017 1719 in
1042 1687 1150 1727 ipsum
1175 1688 1334 1728 levamur,

933 1735 973 1767 In
997 1734 1061 1768 hoc
1084 1745 1146 1776 per
1172 1736 1383 1777 suspendium

981 1784 1102 1818 amoris
1127 1784 1301 1825 laetamur,

934 1831 1033 1873 Cujus
1058 1842 1146 1865 nunc
1170 1834 1373 1874 praesidium

981 1885 1135 1923 tuumque
1160 1891 1341 1923 precamur.

933 1968 994 2009 Qui
1019 1970 1144 2002 creavit
1169 1970 1334 2002 hominem

982 2018 1070 2050 hunc
1096 2022 1129 2050 et
1153 2020 1326 2063 recreavit,

936 2065 1022 2098 Dum
1046 2075 1107 2108 per
1132 2076 1227 2099 suum
1253 2068 1444 2109 sanguinem

981 2114 1077 2147 illum
1101 2117 1281 2156 reparavit,

934 2162 1019 2195 Suae
1043 2171 1104 2203 per
1131 2163 1327 2197 ducedinem

980 2211 1089 2251 ipsum
1115 2211 1222 2244 carnis
1246 2214 1350 2255 pavit,

935 2257 990 2291 Sic
1015 2259 1059 2291 ad
1085 2258 1292 2293 altitudinem

986 2307 1069 2339 coeli
1092 2307 1276 2341 collocavit.
