1656 2674
164 313 222 346 41.

161 729 218 761 42.

162 1147 220 1179 43.

165 1561 222 1594 44.

166 1979 223 2012 45.

702 62 969 97 —182—

251 311 373 344 Contra
397 319 491 351 quem
515 309 673 342 Judaicus

299 362 408 392 coetus
435 358 646 398 conspiravit,

248 407 411 440 Dice-ndo:
441 407 527 448 quod
552 405 713 438 facimus?

296 456 350 488 hic
374 456 478 488 multa
499 455 646 495 patravit

249 503 358 545 Signa,
385 505 414 536 si
439 503 631 536 dimittimus

296 553 392 594 hunc,
420 556 456 584 ut
480 551 657 592 inchoavit,

243 600 358 633 Honor
383 601 478 633 nobis
505 599 633 632 debitus

293 659 359 682 non
387 650 442 682 diu
469 648 611 682 durabit.

246 726 368 760 Contra
393 737 487 768 quem
514 726 683 759 consilium

293 776 429 808 tradunt.
452 775 630 817 pharisaei,

245 824 403 856 Dolosum
430 824 591 857 excidium

294 873 516 906 machinantes
543 872 582 913 ei,

245 921 331 953 Mihi
356 921 401 953 sis
425 920 637 965 praesidium,

297 970 395 1010 digna
418 973 523 1003 mater
548 969 622 1010 Dei,

245 1017 391 1059 Abigens
417 1018 580 1051 obsidium

293 1067 420 1099 inimici
439 1067 514 1100 mei.

249 1143 370 1177 Contra
395 1153 489 1185 quem
514 1144 689 1176 barbarice

297 1193 437 1233 caiphas
462 1192 606 1233 latravit,

249 1240 367 1272 Verum
392 1241 471 1273 licet
494 1241 632 1281 mystice

296 1289 361 1321 tuis
386 1290 562 1329 nunciavit,

247 1336 338 1369 Deus
361 1347 436 1370 nam
461 1337 654 1379 prophetice

298 1385 348 1417 illi
372 1386 555 1427 inspiravit,

251 1433 343 1473 Quod
370 1434 516 1467 Christus
542 1433 677 1466 mirifice

298 1482 369 1522 pati
397 1483 600 1516 deliberavit.

251 1560 349 1600 (eujus
377 1563 474 1601 caput
499 1560 639 1601 unguine

297 1608 391 1640 unxit
415 1608 623 1650 Magdakna,

249 1657 280 1689 A
307 1666 368 1698 quo
395 1657 556 1698 quondam
583 1658 717 1691 crimine

298 1707 433 1738 recessit
459 1714 584 1746 serena,

251 1753 330 1787 Cum
352 1764 417 1796 qua
441 1763 533 1787 soror
558 1755 688 1788 nomine

298 1803 441 1842 Martha,
468 1802 535 1836 fido
559 1803 668 1845 plena,

249 1852 288 1884 In
314 1851 516 1885 beatitudine

296 1900 438 1933 laetatur
461 1909 606 1934 amoena.

251 1978 312 2018 Qui
336 1978 462 2019 signum
489 1978 680 2011 clementiae

303 2027 395 2059 dedit
419 2036 480 2067 per
502 2027 632 2067 olivam,

254 2074 333 2107 Cum
360 2075 482 2107 delevit
506 2075 618 2115 pluvie

300 2132 426 2155 omnem
451 2132 579 2157 carnem
605 2124 711 2157 vivam

251 2171 362 2204 Tollat
388 2172 604 2205 conscientiae

303 2220 431 2260 culpam
456 2219 656 2261 infectivam,

252 2267 408 2301 Reddens
434 2277 512 2302 suae
534 2269 658 2310 gloriae

300 2316 385 2349 hanc
411 2317 705 2357 contemplativam.

715 2151 722 2168 7

813 216 857 250 V.

866 308 923 341 46.

863 726 920 759 47.

863 1144 921 1177 48.

865 1561 922 1594 49.

871 1980 927 2014 50.

952 308 1013 349 Qui
1040 307 1082 339 de
1109 307 1272 349 diabolica

1000 365 1060 389 nos
1088 356 1281 396 captivitate

950 404 1121 438 Liberavit,
1147 405 1242 437 deica

999 462 1058 486 sua
1083 455 1257 494 potestate,

949 501 1043 534 Sicut
1067 502 1273 543 Aegyptiaca

998 550 1100 583 Jacob
1125 551 1290 590 pravitate

947 599 994 632 Et
1019 609 1039 632 a
1063 598 1266 640 Babylonica

998 647 1119 683 Judam
1144 648 1316 689 gravitate.

948 726 1009 767 Qui
1036 726 1165 758 cuidam
1190 726 1301 758 arbori

995 774 1118 807 malum
1140 775 1353 815 imprecatur,

947 823 984 855 In
1012 822 1177 863 scriptura
1201 824 1304 855 veteri

996 870 1077 904 fieus
1102 880 1185 912 quae
1209 874 1356 911 vocatur,

949 919 1137 952 Gratiarum
1160 920 1255 952 uberi

998 969 1082 1002 dono
1107 969 1284 1010 repleatur,

948 1017 1010 1057 Qui
1034 1017 1098 1049 hoc
1122 1017 1243 1058 hymno
1271 1016 1394 1050 celebri

996 1066 1090 1106 virgo
1115 1068 1149 1097 te
1173 1069 1339 1106 precatur.

949 1143 1010 1183 Qui
1036 1145 1085 1175 est
1110 1144 1344 1183 praeamabilis

997 1191 1114 1224 summi
1136 1192 1241 1232 patris
1266 1195 1374 1233 natus,

948 1239 1174 1272 Transmissus
1200 1241 1355 1282 agricolis

997 1292 1031 1321 et
1056 1288 1096 1320 ab
1120 1288 1172 1321 his
1197 1292 1370 1330 mactatuS,

946 1337 992 1369 Et
1014 1337 1101 1377 lapis
1124 1338 1286 1370 mirabilis

996 1385 1107 1427 anguli
1132 1390 1273 1427 aptatus,

948 1435 980 1466 A
1003 1434 1205 1467 Judaeorum
1229 1435 1362 1477 populis

998 1483 1077 1515 olim
1102 1484 1309 1523 reprobatus.

949 1561 1010 1601 Qui
1034 1561 1114 1594 urbs
1140 1560 1346 1595 fortitudinis

1001 1612 1034 1641 et
1059 1611 1262 1643 antemurale

952 1657 1002 1691 Sit
1026 1658 1077 1691 sui
1102 1660 1309 1701 gregaminis,

1001 1717 1044 1740 ne
1068 1707 1153 1740 illud
1177 1708 1278 1740 letale

953 1756 1077 1789 Vulnus
1103 1756 1216 1789 laedat
1241 1757 1389 1790 criminis

1001 1805 1054 1838 vel
1075 1805 1181 1837 scelus
1206 1807 1354 1849 mortale,

954 1853 1031 1887 Sive
1059 1853 1133 1886 dolo
1158 1854 1324 1887 daemonis

1003 1903 1101 1935 chaos
1126 1903 1316 1943 gehennale.

952 1981 1014 2021 Qui
1039 1980 1106 2013 suis
1132 1982 1328 2022 sequacibus

1001 2038 1084 2070 puro
1111 2038 1152 2062 ex
1177 2039 1290 2063 amore

953 2077 1000 2110 Et
1023 2078 1180 2111 mundum
1206 2080 1437 2120 spernentibus

999 2129 1055 2159 tuo
1082 2135 1154 2158 cum
1182 2126 1295 2161 favore

950 2173 1054 2207 Dabit
1077 2174 1113 2206 in
1139 2176 1336 2209 coelestibus

1002 2232 1138 2263 regnum
1162 2224 1197 2255 in
1223 2224 1350 2265 decore,

955 2271 1048 2310 Quod
1076 2270 1130 2302 det
1156 2271 1250 2303 nobis
1276 2272 1425 2306 omuibus

998 2321 1055 2351 tuo
1078 2327 1139 2358 pro
1164 2319 1298 2354 honore.

245 2383 327 2411 Orat.
348 2392 402 2410 ms.
422 2384 607 2420 Tegurinum
627 2393 704 2412 saec.
727 2382 773 2414 15.
795 2383 870 2414 Olm.
890 2385 1009 2413 Monac.
1032 2382 1132 2413 19824
1151 2386 1202 2414 fol.
1224 2385 1289 2417 244.
1316 2399 1342 2418 a.
