1656 2674
212 125 244 159 9.
271 121 439 158 Infantum
465 121 611 154 saeviens

320 172 356 203 in
380 168 609 209 innocentiam,

270 218 414 251 Turbam
440 216 611 249 barbarice

318 266 464 299 trucidat
487 264 672 304 plurimam,

272 314 373 346 Putat
394 313 569 353 insaniens,

320 370 357 393 se
380 361 575 401 sapientiam

270 410 334 442 Dei
358 409 564 450 exstinguere

319 467 409 490 suam
435 466 497 497 per
520 455 652 489 furiam.

186 536 242 569 10.
269 531 436 569 Karorum
465 535 638 575 pignorum

318 586 439 616 mortes
465 583 655 615 maternitas

272 631 421 665 Clemens
445 629 600 664 flebiliter

319 680 447 721 planxit
474 683 506 712 et
526 680 643 721 pietas,

269 729 352 762 Dire
376 729 549 770 tyrannica

321 786 403 819 quae
428 778 545 811 stravit
570 776 694 819 feritas,

272 825 414 866 Quorum
437 835 497 858 nos
522 825 647 858 meritis

322 874 426 907 “alvet
454 874 618 908 divinitas,

188 951 244 985 11.
271 948 370 993 Legis
396 952 560 985 veteribus

323 1001 401 1033 data
425 1000 560 1033 traditio

273 1049 393 1089 Habet,
420 1051 456 1081 ut
478 1048 629 1088 feminae,

323 1098 413 1137 cujus
440 1098 609 1137 conceptio

273 1144 352 1178 Fuit
378 1155 417 1178 ex
442 1147 574 1186 semine,

321 1194 379 1227 fiat
404 1197 556 1235 purgatio

272 1243 323 1275 Ac
348 1244 480 1276 tandem
506 1243 645 1276 Domino

321 1292 422 1332 prolis
455 1292 587 1325 oblatio.

189 1369 247 1402 12.
272 1365 372 1402 Modo
397 1369 569 1410 virginitas

320 1427 377 1450 seu
404 1418 602 1459 castimonia,

273 1466 346 1498 Tua
366 1466 539 1508 integritas

320 1518 352 1547 et
377 1515 600 1556 sanctimonia,

274 1563 381 1596 Prolis
410 1564 563 1597 divinitas

321 1616 418 1653 atque
442 1613 590 1654 potentia

272 1661 320 1694 Te
346 1662 478 1694 solvunt
501 1662 631 1702 penitus

320 1720 340 1743 a
366 1710 573 1743 caerimonia.

189 1782 244 1816 13.
272 1778 346 1816 Non
373 1784 458 1816 enim
482 1783 586 1817 filium

321 1832 412 1865 virili
435 1834 559 1865 semine

275 1878 380 1913 Carne
402 1890 599 1922 conceperas

322 1928 381 1961 sed
406 1937 500 1962 sacro
524 1929 664 1973 fiamine,

274 1976 334 2016 Qui
359 1986 439 2010 suae
465 1978 591 2019 gratiae

321 2028 355 2057 te
380 2026 625 2059 obumbramine

274 2072 392 2106 Totam
417 2075 603 2116 repleverat

322 2130 444 2162 suoque
468 2123 600 2156 lumine.

188 2191 245 2226 14.
274 2188 299 2225 Ο
327 2194 356 2225 si
379 2194 541 2227 tribueret

322 2242 433 2275 divina
456 2244 572 2283 gratia,

274 2287 346 2321 Tua
369 2299 429 2322 nos
455 2291 562 2323 visere

323 2339 415 2377 gesta
438 2339 582 2379 humilia,

727 21 997 57 -112-

715 430 731 449 1

890 338 946 373 15.

889 757 944 791 16.

887 1174 946 1209 17.

972 117 1138 150 Virtutum
1164 115 1296 156 exsequi

1019 174 1081 205 per
1107 163 1264 198 exercitia

974 212 1019 246 Et
1044 213 1092 245 ita
1116 210 1233 253 perfici

1021 269 1102 294 vera
1121 260 1260 301 justitia.

972 335 1056 373 Post
1080 339 1142 372 hoc
1168 347 1239 372 cum
1265 337 1334 371 filio

1023 397 1044 420 a
1067 389 1189 428 templo
1215 396 1341 420 remeas

972 435 1136 477 Expletis,
1163 434 1275 469 facere

1025 494 1107 526 quae
1132 488 1211 518 tunc
1238 486 1441 527 decreveras,

971 532 1011 566 In
1036 533 1116 566 villa
1141 532 1319 574 Nazareth,

1021 582 1056 614 in
1083 591 1147 623 qua
1170 591 1378 624 conceperas,

972 629 1102 663 Dilecto
1128 631 1245 673 vigiles

1020 689 1132 712 servas
1160 680 1321 714 excubias.

975 757 1045 795 Quo
1073 757 1141 790 divi
1165 759 1260 799 pueri

1022 807 1272 840 necessitatibus

974 853 1060 887 Dum
1085 858 1192 888 mater
1216 861 1331 889 tenera

1023 903 1164 936 instares
1192 904 1327 946 cautius,

975 952 1100 993 Joseph
1122 953 1302 992 justissimo

1024 1004 1164 1042 apparet
1188 1002 1332 1043 angelus,

973 1049 1075 1084 Jubet
1102 1048 1273 1090 Canopicis

1021 1107 1081 1131 vos
1105 1097 1188 1131 ferri
1211 1098 1342 1133 finibus

973 1172 1102 1210 Rursus
1126 1180 1171 1220 te,
1197 1177 1349 1222 arbitror,

1024 1225 1145 1265 premit
1172 1226 1330 1267 angustia,

974 1274 1111 1314 Quando
1137 1275 1294 1307 recedere

1026 1331 1047 1354 a
1072 1325 1128 1354 tua
1152 1325 1289 1364 propria

975 1370 1119 1412 Juberis‚
1145 1373 1246 1405 eremi

1025 1419 1074 1452 ire
1098 1429 1160 1460 per
1184 1421 1283 1457 invia.

974 1468 1020 1501 Et
1045 1469 1093 1501 sic
1120 1478 1192 1502 cum
1218 1469 1285 1503 filio

1025 1516 1114 1550 ferre
1141 1519 1269 1554 exsilia.

942 1615 948 1621 .
977 1587 1044 1625 Sed
1070 1593 1145 1632 post
1170 1592 1252 1624 haec
1276 1591 1393 1625 iterum

1026 1640 1161 1672 advenit
1186 1641 1329 1679 nuntius,

978 1687 1072 1722 Unus
1100 1689 1141 1721 de
1165 1690 1288 1730 angelis

1024 1738 1144 1770 missus
1169 1738 1336 1779 divinitus,

974 1785 1030 1818 Ad
1057 1786 1161 1819 solum
1186 1788 1356 1828 proprium

1025 1844 1146 1868 vocans
1171 1845 1230 1868 vos
1258 1836 1363 1879 citius,

976 1883 1021 1917 Ut
1047 1884 1180 1925 scriptis
1205 1886 1344 1919 tradidit

1029 1934 1237 1967 telonearius.

942 2033 949 2039 .
977 2004 1090 2041 Terris
1116 2016 1188 2039 cuni
1211 2007 1332 2041 iterum

1025 2056 1090 2088 tuis
1116 2056 1294 2096 induceris,

975 2104 1094 2138 Cordis
1117 2106 1302 2139 molestiam

1025 2162 1090 2186 non
1108 2163 1244 2194 parvam
1267 2156 1402 2198 pateris,

980 2200 1066 2233 Nam
1093 2203 1186 2235 annis
1211 2202 1273 2236 filii

1027 2249 1173 2284 decursis
1200 2253 1333 2294 teneris,

976 2297 1087 2330 Festis
1115 2300 1275 2340 legalibus

1025 2345 1113 2379 hunc
1136 2351 1243 2383 tecum
1267 2351 1406 2385 invehiS.
