1656 2674
190 362 247 396 11.

189 790 246 823 12.

185 1217 242 1251 13.

181 1645 237 1679 14.

179 2072 236 2107 15.

719 100 981 137 -179—

275 362 337 402 Qui
364 371 474 395 coram
502 363 672 404 discipulis

325 414 375 443 est
399 410 650 452 transfiguratus

273 459 320 491 Et
344 469 365 492 a
389 462 486 500 patre
510 460 616 492 titulis

322 508 457 541 laudum
483 508 699 548 sublimatus,'

274 556 326 589 Ne
351 557 494 598 prodant
521 557 679 598 apostolis

321 606 393 638 visa
419 614 453 637 es
478 606 630 646 minatus,

272 653 387 687 Donec
411 654 527 686 mortis
553 653 692 685 vinculis

322 711 510 743 resurgeres
536 703 730 742 prostratus.

275 789 336 823 Cui
361 789 583 822 testimonium

321 840 417 878 pater
442 837 647 878 perhibebat,

274 886 354 920 Cum
381 886 536 919 dilectum
560 885 664 919 filium

322 944 415 968 suum
440 935 527 967 hunc
552 934 684 967 dicebat

270 984 317 1017 Et
340 984 431 1016 istud
459 984 629 1024 collegium

322 1032 445 1066 Christi
469 1031 634 1071 audiebat,

271 1081 323 1114 De
347 1090 409 1121 quo
437 1080 641 1121 evangelium

319 1132 435 1170 postea
460 1128 638 1161 scribebat.

270 1216 332 1257 Qui
357 1220 453 1248 sanat
477 1215 667 1255 lunaticum,

319 1266 414 1297 sanat
438 1263 573 1296 surdum
599 1265 733 1304 mutum,

267 1313 462 1353 Propellens
488 1311 671 1344 zabolicum

317 1362 443 1394 hostem
470 1363 503 1393 et
526 1363 704 1398 versutum,

267 1412 333 1444 Per
359 1418 476 1442 nomen
501 1408 673 1442 mirificum

318 1459 467 1492 dominus
492 1458 649 1490 virtutum

266 1508 432 1541 Emundet
461 1509 493 1538 et
519 1506 680 1538 lubricum

315 1556 423 1589 carnis
448 1563 541 1587 meae
566 1555 680 1588 lutum.

266 1643 328 1684 Qui
354 1646 404 1675 est
429 1642 634 1676 admirabilis

314 1692 349 1725 in
375 1701 434 1724 sua
462 1692 620 1735 doctrina,

266 1742 356 1782 Quae
382 1744 433 1773 est
456 1739 689 1779 inscrutabilis,

315 1789 391 1830 quia
417 1791 467 1821 est
493 1788 613 1831 divina,

263 1838 456 1871 Animarum
483 1837 585 1870 oculis

316 1889 424 1919 exstat
448 1885 621 1927 medicina,

265 1936 384 1969 Servat
408 1945 428 1969 a
452 1934 610 1976 periculis

314 1988 347 2016 et
373 1985 487 2025 culpae
512 1984 617 2017 ruina.

264 2072 326 2113 Qui
352 2071 530 2113 quaerebat
556 2071 695 2113 gloriam

312 2130 443 2162 semper
468 2120 519 2153 sui
543 2120 662 2161 patris,

261 2170 464 2204 Praedicans
490 2169 670 2210 potentiam

312 2219 381 2260 ejus
406 2218 599 2260 majestatis,

259 2269 339 2310 ipse
366 2269 423 2302 det
447 2268 488 2301 ob
515 2268 655 2309 gratiam

308 2320 385 2351 tuae
409 2317 555 2359 pietatis,

258 2366 344 2400 Mihi
369 2364 608 2409 indulgentiam

306 2417 388 2449 meis
413 2426 475 2458 pro
500 2416 656 2458 peccatis.

841 259 887 292 Π.

895 365 951 399 16.

895 791 951 825 17.

890 1216 947 1249 18.

888 1643 944 1677 19.

886 2073 944 2107 20.

980 365 1041 405 Qui
1068 365 1126 397 dat
1150 374 1185 396 se
1210 364 1419 405 sequentibus

1029 414 1162 454 ejusque
1188 414 1351 454 ducatum,

981 462 1073 495 Bona
1097 462 1283 494 sitientibus

1026 512 1139 551 potum
1166 511 1351 552 delicatum,

978 558 1108 591 Donum
1133 559 1239 591 sancti
1263 559 1397 599 spiritus

1027 616 1088 648 per
1113 607 1199 639 hunc
1224 607 1437 648 designatum,

979 655 1040 696 Qui
1068 656 1164 688 ducet
1187 656 1351 696 posterius

1029 704 1072 736 ad
1095 702 1225 735 felicem
1249 707 1379 738 statum.

978 790 1038 831 Qui
1065 790 1155 822 venit
1181 790 1323 823 diluculo

1026 839 1061 870 in
1083 838 1238 870 orationis

978 887 1160 927 Templum,
1187 896 1249 927 quo
1276 888 1317 920 de
1341 889 1458 928 poculo

1026 935 1280 976 praedicationis

975 983 1189 1016 Ministrabat
1209 985 1341 1026 populo,

1027 1032 1189 1072 quandam
1216 1041 1235 1064 a
1258 1032 1407 1072 profanis

978 1080 1090 1113 Salvat
1116 1083 1147 1112 et
1172 1081 1319 1121 periculo

1023 1128 1243 1168 lapidationis.

975 1216 1076 1256 Quem
1102 1216 1157 1256 qui
1179 1215 1285 1247 libens
1311 1217 1458 1257 sequitur

1024 1264 1168 1296 tenebris
1195 1264 1328 1305 carebit,

974 1312 1029 1353 Et,
1056 1321 1117 1353 quo
1143 1312 1233 1344 Deus>
1260 1313 1413 1353 cernitur,

1010 1362 1132 1393 lumine
1158 1359 1307 1402 fulgebit,

975 1409 1009 1442 Si
1036 1410 1079 1442 ad
1103 1412 1241 1442 mortem
1269 1410 1408 1452 ducitur,

1021 1458 1131 1491 hostes
1155 1467 1220 1490 non
1246 1458 1385 1498 timebit,

973 1506 1039 1539 Sed
1066 1506 1305 1539 exhilarabitur

1023 1558 1055 1587 et
1080 1556 1182 1596 magis
1209 1555 1374 1596 gaudebit.

973 1643 1074 1683 Quem
1096 1645 1191 1683 pater
1216 1642 1377 1684 glorificat

1019 1692 1054 1724 in
1080 1692 1285 1732 aeternitate,

975 1740 1045 1774 Sibi
1071 1739 1279 1782 aequalificat

1022 1792 1055 1821 et
1078 1789 1113 1821 in
1140 1789 1271 1829 deitate,

971 1838 1049 1878 Ipse
1074 1846 1126 1869 nie
1150 1836 1302 1878 perficiat

1021 1895 1080 1918 sua
1106 1887 1241 1919 caritate

969 1935 1023 1968 Ab
1050 1935 1201 1976 omnique
1226 1935 1374 1967 retrahat

1019 1984 1133 2017 mundi
1158 1984 1314 2017 vanitate.

972 2071 1034 2113 Qui
1058 2072 1147 2113 patri
1176 2074 1209 2104 et
1233 2069 1357 2104 flamini

1018 2130 1080 2161 par
1103 2123 1152 2153 est
1179 2121 1311 2164 deitate,

971 2170 1075 2204 Caeco
1104 2169 1197 2203 dedit
1221 2170 1343 2202 homini

1019 2228 1039 2251 a
1063 2218 1235 2251 nativitate

969 2267 1105 2311 Lumen,
1133 2277 1195 2309 quo
1222 2270 1255 2300 et
1279 2268 1380 2301 animi

1017 2317 1115 2358 pulsa
1140 2318 1308 2360 caecitate,

969 2365 1012 2399 Se
1038 2366 1148 2399 divino
1174 2367 1299 2399 numini

1017 2415 1131 2448 subdit
1156 2416 1317 2451 ordinate.

1291 2471 1351 2502 12*
