1656 2674
227 355 285 390 41.

227 776 288 809 42.

224 1193 283 1227 43.

222 1613 280 1647 44.

219 2034 278 2067 45.

314 354 415 395 Quem
440 359 475 389 tu
501 358 696 392 miserabilis

362 407 439 438 tunc
464 406 512 438 ita
535 405 665 448 flevisti,

311 452 451 486 Dicens:
480 464 498 487 0
525 455 674 488 amabilis

362 500 420 544 fili,
449 504 527 544 quid
554 503 672 548 fecisti,

312 550 445 584 Cunctis
472 552 681 593 despicabilis

363 601 450 640 quod
475 601 523 633 ita
548 600 651 643 fuisti,

312 647 373 687 Qui
399 657 529 689 semper
553 649 729 683 laudabilis

362 697 453 737 prius
481 697 646 732 exstitisti.

316 773 414 814 Cujus
439 783 556 815 corpus
581 775 718 808 sindone

361 823 487 864 Joseph
511 824 710 863 involvebat,

313 871 361 904 Te
387 872 540 905 adstante
564 872 701 914 virgine,

361 921 452 961 quus
480 930 535 954 cor
560 921 745 962 plangebat,

313 968 360 1002 Ut
386 971 435 1001 est
459 971 569 1013 moris,
597 970 737 1011 unguine

358 1017 444 1050 illud
470 1017 655 1058 condiebat,

312 1067 362 1098 Ac
387 1069 502 1106 petrae
527 1067 726 1108 asperrimae

360 1115 483 1147 tumulo
508 1115 662 1156 ponebat.

311 1192 411 1231 Quem
438 1193 598 1233 completo
626 1194 733 1225 crucio

359 1243 457 1281 atque
482 1242 599 1281 agonia

309 1289 438 1321 Nobilis
466 1290 598 1322 decurio

356 1337 397 1370 ab
422 1338 610 1371 Arimathia

308 1386 379 1419 Tuo
406 1395 477 1418 cum
501 1387 634 1427 auxilio,

359 1435 463 1468 dulcis
487 1445 505 1468 o
531 1435 650 1478 Maria,

308 1483 434 1525 Sepelit
461 1493 532 1517 cum
559 1484 667 1517 studio

356 1542 418 1565 nec
442 1542 507 1566 non
532 1535 641 1566 mente
665 1533 731 1574 pia.

310 1610 407 1651 Cujus
433 1610 564 1644 tumbae
589 1608 693 1643 flebili

357 1662 449 1701 gestu
475 1660 645 1701 adstitisti,

310 1710 423 1749 Ipsum
446 1708 643 1741 lacrimabili

354 1758 445 1790 luctu
472 1758 682 1799 deplanxisti,

308 1807 454 1840 Tandem
479 1806 684 1839 lamentabili

354 1856 493 1896 planctu
517 1855 684 1888 recessisti

305 1905 351 1939 Et
370 1905 405 1937 in
436 1905 566 1938 domum
592 1903 707 1937 famuli

353 1955 403 1987 tui
427 1954 581 1987 introisti.

306 2032 405 2073 Cujus
432 2041 465 2065 es
494 2031 668 2066 dulcedine

354 2090 453 2122 saepe
477 2083 626 2114 recreata

306 2129 374 2164 Sed
399 2131 617 2164 amaritudine

354 2188 388 2212 es
412 2180 600 2220 amaricata,

303 2228 426 2263 Mentis
454 2228 680 2263 exturbamine

353 2277 440 2311 forte
467 2287 500 2311 es
526 2280 704 2320 prostrata,

303 2327 383 2362 Nati
410 2328 631 2362 consolamine

352 2377 482 2418 quando
510 2387 543 2410 es
570 2376 696 2410 orbata.

768 103 1037 141 -197—

932 361 989 396 46.

932 778 990 811 47.

929 1194 987 1227 48.

928 1612 985 1644 49.

930 2032 986 2066 50.

1017 361 1097 393 Post
1123 361 1211 400 cujus
1238 358 1388 392 funebria

1064 408 1153 442 facta
1177 408 1358 449 diligenter,

1016 457 1117 490 Busto
1142 455 1215 498 figis
1242 457 1349 489 dulcia

1067 505 1177 538 oscula
1203 505 1360 547 dolenter,

1017 554 1156 587 Duceris
1181 554 1224 586 ad
1250 554 1385 595 propria

1064 606 1140 644 post
1163 602 1224 635 hoc
1249 604 1446 639 reverenter,

1016 651 1203 692 Expectans
1227 651 1344 683 solatia

1064 701 1133 732 nati
1157 699 1329 740 patienter.

1019 776 1116 818 Cujus
1141 785 1211 808 cum
1238 777 1457 817 praesentiam

1068 826 1193 858 dulcem
1221 825 1396 866 cogitabas,

1015 873 1176 907 Lacrimis
1201 873 1453 913 pulcherrimam

1064 921 1181 955 faciem
1206 921 1345 962 rigabas,

1014 971 1133 1004 Animo
1160 970 1342 1004 Calvariam

1063 1018 1166 1051 tristis
1193 1018 1360 1061 visitabas,

1014 1067 1060 1100 Et
1083 1068 1139 1108 pie
1164 1067 1400 1099 sanctissimam

1065 1124 1191 1148 crucem
1218 1115 1389 1148 adorabas.

1014 1193 1065 1225 De
1092 1194 1182 1233 quus
1209 1192 1358 1224 absentia

1062 1241 1239 1282 plurimum
1266 1241 1409 1279 dolebas,

1013 1291 1094 1323 Post
1118 1298 1213 1331 quem
1237 1289 1269 1321 in
1298 1289 1446 1330 angustia

1061 1338 1154 1379 gravi
1178 1337 1368 1370 remanebas

1014 1388 1140 1428 Quippe
1165 1395 1265 1426 super
1290 1386 1398 1418 omnia

1060 1436 1166 1476 ipsum
1195 1435 1353 1476 diligebas

1013 1484 1208 1524 Summaque
1232 1484 1350 1516 solatia

1060 1534 1093 1565 in
1118 1534 1190 1574 ipso
1211 1532 1366 1566 habebas,

1015 1610 1113 1652 Cujus
1140 1610 1284 1642 tumbam
1310 1611 1407 1643 anxia

1061 1663 1140 1692 tunc
1165 1659 1376 1700 osculabaris,

1012 1709 1052 1741 In
1075 1708 1235 1743 Johannis
1260 1709 1397 1748 propria

1063 1758 1112 1790 sic
1137 1757 1363 1797 deducebaris,

1012 1806 1159 1839 Maxima
1184 1806 1321 1838 tristitia

1061 1853 1313 1898 angustiabaris,

1013 1904 1127 1937 Donec
1154 1903 1208 1935 die
1232 1904 1332 1936 tertia

1062 1954 1094 1986 A
1120 1955 1196 1986 nato
1222 1952 1394 1987 solabariS.

1014 2031 1075 2071 Qui
1100 2039 1231 2064 suorum
1259 2030 1413 2071 precibus

1062 2078 1191 2113 faverat
1215 2088 1383 2112 servorum

1013 2130 1055 2163 Vi
1082 2128 1307 2162 deficientibus

1063 2177 1325 2211 adversariorum
1335 2189 1342 2218 3

1011 2227 1058 2260 Et
1081 2226 1166 2260 illud
1193 2227 1382 2259 canentibus

1063 2277 1223 2309 canticum
1250 2276 1403 2309 decorum

1013 2326 1165 2359 Praestet
1183 2324 1218 2357 in
1245 2325 1440 2359 coelestibus

1060 2374 1207 2416 praemia
1228 2374 1399 2415 justorum.

318 2449 401 2479 Orat.
423 2459 476 2479 ms.
497 2450 681 2489 Tegurinum
703 2458 781 2478 saec.
804 2447 840 2477 15
863 2447 937 2477 Cim.
959 2448 1078 2477 Monac.
1103 2444 1203 2477 19524
1222 2447 1273 2475 fol.
1295 2445 1352 2477 255
1373 2448 1403 2477 b.
1425 2461 1463 2467 —-
