1656 2674
206 188 265 224 43.

209 608 267 642 44.

206 1024 264 1058 45.

203 1441 262 1474 46.

202 1855 260 1891 47.

198 2271 257 2307 48.

295 184 462 223 Summum
487 190 535 224 ibi
560 191 725 233 gaudium,

343 237 369 271 Ο
396 247 523 273 summa
545 240 710 282 majestas,

294 285 402 321 Ghoro
426 290 460 321 te
484 288 688 322 laudantium

763 92 1002 129 -23-

345 335 386 368 In
411 339 580 372 aeternum
603 340 764 380 praestas,

293 383 362 418 Ubi
385 393 448 418 nec
473 385 670 419 disturbium

343 431 415 465 Nec
438 434 507 467 ulla
532 436 722 476 tempestas,

294 480 360 515 Sed
382 482 461 524 juge
486 482 637 516 solatium

343 529 521 572 Omnisque
541 531 708 566 honestas.

296 604 405 642 Maria
430 617 503 641 cum
528 609 651 650 angelis

341 655 394 688 Ibi
416 656 648 698 J'ucundantur,

294 703 393 737 Vates
420 714 492 738 cum
518 707 675 746 apostolis

345 752 468 792 Quibus
491 754 667 795 sociantur,

293 801 416 834 Paulus
443 811 516 835 cum
543 802 713 843 discipulis

342 849 429 889 Ipsis
455 851 676 892 glomerantur

290 898 344 931 Ac
367 901 401 930 te
424 899 559 932 laudum
584 900 688 932 titulis

341 945 449 988 Digne
474 951 682 983 venerantur.

291 1020 373 1058 Istis
399 1025 505 1057 sancti
529 1027 692 1066 martyres

342 1071 530 1114 Summique
557 1074 717 1114 doctores,

290 1119 447 1153 Monachi
473 1131 512 1154 ac
535 1121 680 1162 virgines

341 1168 412 1201 Nec
437 1179 502 1202 non
529 1168 744 1210 confessoreS,

294 1217 468 1258 Ceterique
494 1218 627 1250 coelites

339 1265 459 1299 Mundi
485 1268 725 1307 contemptores

290 1313 478 1355 {iunguntur
501 1323 564 1357 per
589 1315 733 1355 ordines,

340 1362 402 1395 Tui
427 1363 627 1397 laudatores.

291 1437 360 1475 Sim
387 1450 446 1482 ego
471 1451 532 1483 per
557 1441 695 1482 gratiam

340 1489 387 1522 Et
409 1491 475 1523 mei
501 1490 630 1523 sodales

290 1539 356 1572 Per
380 1539 462 1580 legis
485 1538 647 1580 Justitiam

338 1587 411 1620 Illis
438 1587 640 1629 coaequales,

287 1636 334 1669 Et
357 1638 433 1676 post
457 1636 543 1669 hanc
566 1636 743 1678 miseriam,

339 1684 409 1724 Qua
434 1694 543 1718 sumus
568 1685 735 1724 mortales,

288 1733 362 1767 Duc
386 1733 420 1766 in
446 1734 561 1767 horum
585 1734 721 1775 gloriam

339 1783 387 1816 Ut
412 1782 671 1817 contubernales

287 1852 343 1899 El,
369 1856 423 1896 qui
449 1864 543 1897 quem
569 1854 733 1888 inhabitas

337 1904 443 1937 Tuum
468 1914 529 1946 per
555 1913 708 1948 amorem,

287 1953 386 1987 Hunc
409 1956 442 1986 et
464 1952 632 1987 beatificas

335 2001 454 2035 Mundi
479 2005 555 2045 post
578 2002 735 2043 laborem,

288 2050 474 2084 Clementer
498 2051 657 2093 respicias

335 2100 442 2134 Tuum
465 2101 681 2141 laudatorem,

285 2149 433 2190 Abigens
460 2150 614 2183 tristitias

333 2197 417 2239 Ejus
444 2203 477 2232 et
500 2200 703 2241 languorum.

285 2268 411 2307 Rector
436 2272 526 2306 orbis
551 2272 666 2305 inclite

333 2320 481 2363 Ejusque
508 2324 646 2364 creator,

285 2370 344 2405 Gui
368 2372 543 2412 prosterno
568 2370 701 2404 subdite

330 2419 388 2453 Me
413 2420 499 2455 sicut
520 2423 686 2462 peccator,

915 417 973 450 49.

915 830 972 866 50.

915 1247 971 1280 51.

912 1659 968 1694 52.

909 2075 968 2110 53.

998 192 1081 226 Esto
1106 201 1198 225 meae
1221 192 1373 234 perditae

1049 242 1145 274 Vitae
1170 244 1352 283 reparator,

999 290 1047 323 Ut
1072 290 1253 323 collaudem
1281 290 1390 322 debite

1048 340 1108 382 Te,
1135 348 1155 371 o
1178 339 1225 371 mi
1250 341 1385 372 amator.

1001 413 1070 450 Ens
1095 415 1359 449 liberalissimum

1048 465 1120 497 Tua
1145 465 1278 506 pietate,

998 512 1045 546 Et
1070 512 1385 546 abundantissimum

1051 561 1146 595 Omni
1171 561 1326 602 bonitate,

1000 610 1058 642 Me
1081 618 1210 642 servum
1234 610 1465 650 nequissimum

1048 658 1100 691 Ne
1125 658 1267 699 repellas
1297 668 1317 690 a
1340 662 1383 698 te,

1000 706 1066 740 Sed
1092 704 1145 739 fac
1169 716 1222 739 me
1249 708 1300 740 vel
1325 707 1474 739 ultimum

1048 756 1088 788 In
1113 754 1280 790 beatitate.

998 828 1073 866 Rex
1100 835 1215 864 cuncta
1239 831 1422 865 laetificans

1049 881 1120 913 Tua
1144 880 1301 921 bonitate,

998 928 1045 961 Et
1067 930 1150 962 haec
1173 929 1259 961 bene
1285 929 1439 961 ordinans

1046 977 1100 1011 Ex
1125 977 1338 1018 benignitate,

997 1024 1079 1058 Esto
1104 1035 1157 1058 me
1181 1025 1366 1058 rectificans

1047 1074 1118 1106 Tua
1143 1074 1293 1115 veritate,

998 1122 1060 1161 Qui
1086 1121 1202 1155 oberro
1228 1122 1391 1163 cespitans

1047 1170 1169 1203 Mentis
1200 1172 1365 1203 caecitate.

1001 1244 1087 1288 Eloy
1113 1247 1262 1280 amabilis

1047 1295 1180 1329 Cunctis
1205 1296 1419 1337 incessanter,

998 1344 1102 1377 Nobis
1128 1346 1237 1377 tamen
1262 1344 1394 1377 famulis

1046 1392 1125 1425 Tuis
1149 1396 1181 1425 et
1207 1396 1353 1434 ovanter,

997 1441 1082 1474 Nam
1107 1451 1166 1474 nos
1192 1441 1399 1475 adminiculis

1045 1489 1124 1522 Tuis
1150 1490 1356 1523 abundanter

996 1538 1109 1571 Pascis
1135 1540 1168 1570 et
1192 1549 1212 1571 a
1236 1539 1375 1572 vinculis

1046 1587 1154 1620 Solvis
1177 1588 1415 1629 principanter.

995 1656 1122 1694 Nomen
1146 1660 1189 1693 El
1219 1660 1380 1702 mirabile,

1042 1709 1276 1742 Venerandum
1302 1718 1378 1742 vere

997 1757 1140 1799 Cunctis,
1168 1759 1227 1791 sed
1253 1757 1393 1790 amabile

1043 1807 1090 1839 Es
1115 1806 1195 1839 mihi
1226 1807 1362 1847 sincere,

993 1855 1046 1888 En
1074 1864 1129 1888 cor
1153 1864 1260 1888 meum
1286 1854 1396 1889 flebile

1046 1904 1202 1938 Clamatis
1228 1905 1402 1946 Miserere,

993 1953 1120 1986 Bonum
1143 1952 1306 1988 infinibile

1041 2002 1095 2036 Da
1119 2011 1172 2035 me
1196 2002 1379 2044 possidere.

996 2072 1022 2110 Ο
1049 2076 1301 2110 inexhauribilis

1045 2126 1134 2158 Fons
1160 2126 1361 2166 deliciarum,

995 2173 1132 2215 Semper
1156 2183 1314 2215 praesens
1340 2174 1465 2216 angelis

1043 2223 1148 2256 Donis
1174 2224 1364 2265 gratiarum,

994 2271 1100 2305 Nobis
1122 2272 1188 2305 tuis
1213 2271 1345 2305 famulis

1044 2322 1184 2355 Fontem
1210 2322 1419 2354 lacrimarum

993 2371 1143 2414 Praesta,
1171 2380 1234 2412 quo
1260 2381 1280 2404 a
1304 2371 1440 2404 maculis

1042 2419 1207 2454 Lavemur
1234 2421 1412 2461 culparum.
