1656 2674
172 198 228 232 21.

169 603 225 637 22.

168 1007 226 1039 23.

163 1410 219 1442 24.

160 1878 216 1911 25.

156 2285 214 2320 26.

258 198 324 234 Sed
351 209 413 241 quo
441 202 655 236 cummuniter

305 258 405 282 vocor
430 249 598 292 vocabulo,

255 298 339 332 Mihi
365 298 554 339 impositum

305 345 368 379 fuit
393 357 414 380 a
436 348 577 391 saeculo,

254 394 403 428 Tandem
428 396 619 437 parentibus

304 444 405 476 latum
432 445 472 477 ab
496 446 622 486 angelo,

252 491 303 525 Eo
329 493 416 533 quod
441 495 658 527 succurrerim

302 542 416 574 mundi
439 542 597 583 periculo.

254 603 381 644 Nempe
406 605 491 645 quod
520 605 640 638 dicitur

305 652 423 692 Maria,
450 654 582 686 denotat

254 701 391 735 Stellam
416 702 651 744 praelucidam,

303 758 385 791 quae
412 751 501 784 coelo
528 752 652 792 rutilat,

254 798 354 839 Cujus
382 798 551 832 ducamine

301 848 473 880 nauclerus
500 848 647 889 remigat,

253 894 367 928 Donec
392 897 435 929 ad
461 897 538 929 litus

302 945 407 977 laetus
434 945 612 985 perveniat.

254 1007 318 1040 Hic
346 1015 421 1048 ergo
447 1008 573 1050 gratiae

303 1054 485 1089 diffundens
510 1057 638 1089 radium

252 1103 516 1137 Periclitantibus

301 1154 432 1193 praesto
459 1152 637 1195 remigium,

252 1201 316 1233 Per
341 1201 427 1240 quod
454 1201 595 1233 evadere

297 1252 433 1289 possunt
457 1247 673 1293 naufragium,

249 1296 341 1337 Quod
365 1297 446 1337 ipsis
472 1298 584 1331 intulit

298 1346 416 1378 mentis
444 1347 637 1387 contagium.

247 1409 340 1442 Haec
362 1409 397 1441 in
424 1410 579 1442 coronula

299 1458 485 1499 conscripta
514 1458 644 1492 videras

247 1506 377 1548 Lingua
401 1507 551 1547 Judaica,

297 1564 393 1596 quam
416 1558 452 1587 tu
476 1555 672 1601 nesciveras,

246 1603 312 1636 Sed
339 1612 421 1644 quae
445 1604 479 1636 in
504 1603 642 1637 fimbriis

296 1656 391 1693 togae
416 1653 580 1695 relegeras

246 1701 376 1733 Latinis
400 1701 531 1742 litteris,

296 1751 369 1791 ipse
399 1750 569 1783 edisseras.

272 1827 451 1864 Capitulu
461 1837 491 1855 m
515 1828 680 1856 tertium.

245 1877 270 1911 Ο
298 1886 393 1918 quam
423 1877 543 1910 decora
569 1886 602 1910 es

295 1930 328 1959 et
351 1926 555 1959 delectabilis

246 1974 417 2009 Credentis
443 1975 536 2015 visui,

295 2023 386 2057 cordi
412 2025 573 2067 amabilis,

246 2074 346 2107 Vultu
371 2074 539 2106 venustior

292 2131 388 2164 quam
414 2122 538 2155 Rachel
564 2123 695 2165 sterilis,

241 2171 273 2204 A
302 2172 426 2204 cunctis
449 2172 573 2214 jugiter

289 2220 458 2254 laudanda
481 2221 623 2263 populis.

243 2284 269 2318 O
296 2285 324 2318 si
351 2285 514 2318 coloribus

290 2343 393 2367 essem
419 2334 592 2368 rhetoricis

241 2382 406 2425 Comptus,
433 2387 471 2416 ut
493 2383 603 2417 debite

289 2433 386 2466 dictis
417 2433 624 2466 scliematicis

730 106 869 142 —73
924 129 966 132 ,-

877 429 932 462 27.

873 846 931 879 28.

871 1261 927 1295 29.

867 1674 923 1707 30.

866 2089 924 2123 31.

962 206 1033 239 Tua
1055 207 1239 247 praeconia,

1008 258 1113 288 mater
1138 254 1273 300 opificis,

962 304 1094 337 Possem
1122 305 1291 338 concinere

1012 352 1124 394 figuris
1151 354 1282 394 typicis.

961 429 1046 463 Nam
1073 440 1106 463 es
1132 440 1196 471 qua
1221 432 1394 472 multiplex

1010 478 1242 512 defectibilitas

958 527 1097 560 Juvatur
1122 528 1273 573 hominis,

1007 576 1107 616 Quem
1132 577 1359 617 ponderositas

959 623 1084 657 Premit
1107 623 1288 658 facinorum

1008 676 1040 705 et
1065 672 1262 714 fertibilitas,

957 720 1045 754 Hinc
1069 721 1142 755 odis
1168 721 1280 756 efferat

1008 772 1041 802 te
1065 770 1271 807 universitas.

960 845 1091 880 Coelum
1118 856 1186 879 cum
1213 848 1338 889 incolis,

1005 896 1053 928 sol
1080 898 1177 936 atque
1201 897 1310 929 sidera

957 943 1061 976 Terra
1086 947 1119 977 et
1138 945 1278 985 accolae,

1005 995 1123 1032 pontus
1150 995 1180 1024 et
1207 993 1350 1026 aethera.

956 1038 1022 1073 Sed
1048 1045 1079 1073 et
1103 1050 1311 1082 quaecunque
1334 1044 1410 1074 sunt

1006 1092 1116 1121 creata
1140 1093 1257 1129 cetera,

956 1135 1098 1175 Quorum
1123 1146 1184 1177 per
1208 1137 1310 1170 filium

1003 1185 1126 1218 sanasti
1151 1186 1296 1219 vulnera,

955 1261 1094 1295 Demum
1119 1262 1289 1296 homuncio

1002 1314 1037 1343 te
1061 1311 1279 1351 singularibus

958 1358 1073 1391 Cordis
1098 1360 1244 1400 tripudio

1005 1408 1140 1441 extollat
1168 1408 1331 1447 laudibus.

955 1455 1015 1495 Qui
1041 1455 1206 1489 beneficiis

999 1505 1064 1537 tuis
1089 1503 1314 1545 frequentibus

953 1551 1104 1586 Solamen
1128 1554 1256 1595 recipit,

1001 1602 1089 1635 tollit
1112 1603 1299 1638 virtutibus,

952 1672 1018 1706 Sed
1041 1674 1200 1715 quidquid
1226 1675 1356 1708 hominis

1001 1727 1110 1756 mente
1140 1724 1321 1764 concipitur

951 1770 1012 1803 Vel
1039 1772 1230 1812 antiquariis

1000 1820 1034 1852 in
1061 1821 1175 1853 charta
1200 1820 1356 1853 scribitur

950 1868 1019 1900 Aut
1044 1878 1105 1910 per
1132 1867 1318 1902 facundiam

1000 1918 1111 1959 lingua
1137 1919 1340 1959 exprimitur,

951 1966 1029 1999 Tuis
1056 1967 1239 2007 praeconiis

999 2025 1162 2058 nunquam
1188 2015 1390 2057 aequabitur.

950 2088 1049 2122 Unde
1074 2090 1236 2122 veraciter

998 2147 1050 2170 me
1076 2138 1140 2171 tuis
1166 2138 1319 2172 laudibus

949 2187 1101 2228 Agnosco
1126 2187 1295 2228 imparem,

998 2236 1057 2269 sed
1083 2235 1296 2270 nihilominus

948 2284 1034 2318 Paro
1058 2284 1212 2318 insistere

998 2334 1043 2366 eis
1068 2334 1255 2374 studiosius,

948 2383 996 2417 Ut
1020 2392 1150 2425 semper
1178 2384 1333 2425 perfruar

999 2433 1063 2466 tuis
1090 2434 1305 2474 amplexibus.
