1656 2674
717 74 981 110 —178—

700 223 749 255 54.
772 221 942 255 Rosarimn
962 223 991 254 4.

195 385 228 419 1.
256 385 317 423 Qui
340 382 423 416 fines
450 390 522 413 cum
548 380 680 412 transiit

303 431 384 471 Tyri
411 432 444 461 et
467 429 609 471 Sidonis,

251 479 374 512 Mulier
399 478 486 509 hunc
511 476 595 509 adiit

303 527 397 566 hujus
423 524 576 566 regionis,

253 575 360 608 Natae
386 574 505 606 donum
528 572 624 613 petiit

302 621 519 661 liberationis,

252 672 400 704 Daemon
426 678 522 710 quarn
546 668 687 709 impetiit

303 720 335 751 vi
361 718 587 760 possessionis.

220 826 227 832 .
254 797 354 837 Quem
380 799 497 838 rogant
521 795 662 836 apostoli

302 855 362 886 pro
389 844 659 886 syrophoenissa,

253 895 483 928 Proclamante
508 892 624 925 humili

300 951 380 975 voce
406 951 445 974 ac
470 941 641 981 submissa,

250 991 297 1025 Ut
321 992 407 1024 malo
431 994 499 1023 tam
523 988 624 1022 fiebili

300 1040 419 1072 mulier
445 1039 610 1072 conscissa

254 1088 381 1122 Gaudio
408 1088 547 1129 optabili

301 1138 416 1170 redeat
442 1137 586 1169 dimissa.

216 1242 223 1249 .
252 1215 313 1255 Qui
339 1214 386 1246 ait
410 1212 620 1254 sequentibus

300 1272 345 1303 se,
373 1262 428 1302 qui
453 1263 661 1302 rogaverunt,

252 1311 328 1344 Non
353 1320 422 1343 sum
448 1310 564 1342 missus
591 1308 752 1350 gentibus,

300 1359 355 1400 qui
380 1368 432 1391 me
456 1358 653 1400 nescierunt,

252 1408 318 1441 Sed
344 1408 394 1439 his
421 1407 475 1447 qui
502 1415 542 1438 ex
567 1405 681 1438 ovibus

298 1456 401 1490 Jacob
428 1455 598 1496 perierunt

248 1505 309 1538 Vel
334 1514 374 1536 ex
400 1504 521 1536 sanctis
544 1502 695 1543 patribus

296 1553 418 1585 nostris
444 1551 649 1592 prodierunt.

213 1656 220 1663 .
250 1630 351 1670 Quem
377 1629 508 1661 turbata
533 1626 654 1659 femina

297 1679 415 1710 iterum
441 1677 580 1717 rogavit,

245 1728 344 1761 Fletu
367 1726 502 1758 madens
527 1724 651 1756 lumina

296 1774 382 1808 forte
406 1783 442 1806 se
467 1773 656 1814 prostravit,

249 1824 396 1858 Christus
423 1821 641 1855 consolamine.

297 1873 376 1905 dare
400 1870 592 1912 retardavit,

244 1921 343 1954 Fidei
368 1919 560 1952 fundamina

294 1969 362 2009 eJus
387 1968 436 1999 sic
460 1966 624 2007 probavit.

213 2075 219 2081 .
249 2046 308 2086 Qui
337 2044 467 2078 dicebat
491 2042 632 2075 feminae

295 2095 336 2127 de
362 2096 458 2134 gente
484 2099 694 2132 paganorum,

246 2143 321 2176 Non
347 2144 396 2173 est
419 2141 537 2173 bonum
564 2148 691 2171 sumere

294 2199 412 2232 panem
435 2188 577 2222 filiorum

248 2239 453 2279 Canibusque
478 2237 618 2276 mittere,

295 2288 349 2329 qui
376 2295 467 2319 more
491 2293 664 2326 porcorum

244 2336 400 2369 Assolent
424 2334 615 2367 sordescere

293 2384 384 2417 faece
411 2383 572 2417 vitiorum.

831 304 860 338 Ι,

899 380 931 413 6.
958 379 1014 412 Ad
1041 388 1136 420 quem
1162 379 1210 411 ait
1232 378 1368 411 mulier:

1006 426 1114 460 fateor
1137 436 1190 459 me
1213 436 1335 467 canem,

959 477 1025 509 Per
1052 484 1196 508 errorem
1221 476 1365 516 turpiter

1008 523 1126 557 foedor
1149 534 1225 556 nam
1249 524 1434 566 immanem,

960 572 1032 605 Nec
1056 576 1133 613 peto
1160 573 1354 613 simpliciter

1007 620 1150 654 filiorum
1175 631 1304 663 panem,

960 669 1091 703 Sufficit
1115 671 1144 703 si
1169 671 1270 703 satier

1005 728 1066 759 per
1089 719 1207 752 micam
1232 719 1372 752 inanem.

901 796 932 828 7.
961 796 1022 836 Qui
1052 796 1153 828 dixit:
1181 796 1207 829 Ο
1233 796 1351 828 mulier

1007 854 1125 887 magna
1152 845 1333 886 credidisti,

959 894 1049 934 Quae
1072 893 1136 925 nisi
1161 893 1304 925 tenuiter

1008 944 1084 974 ante
1108 942 1252 983 audiisti,

957 991 1082 1031 Accipe
1106 990 1266 1034 hilariter,

1005 1048 1066 1080 pro
1093 1048 1154 1080 quo
1180 1039 1243 1071 huc
1266 1038 1396 1079 venisti,

958 1088 1045 1120 Nam
1070 1088 1152 1121 vivit
1177 1086 1321 1120 feliciter

1004 1146 1064 1177 pro
1091 1146 1155 1177 qua
1177 1145 1230 1168 me
1254 1136 1377 1177 petisti.

895 1214 929 1247 8.
956 1214 1018 1253 Qui
1042 1222 1062 1245 a
1087 1213 1169 1254 Tyri
1195 1212 1315 1245 finibus

1002 1262 1094 1294 venit
1117 1270 1178 1302 per
1204 1261 1381 1303 Sydonem,

954 1310 994 1342 In
1019 1319 1083 1351 qua
1108 1310 1164 1343 via
1187 1310 1313 1351 positus

1005 1359 1063 1391 dat
1087 1359 1288 1391 auditionem

953 1407 1074 1440 Parum
1099 1407 1319 1449 audientibus,

1003 1456 1107 1488 caecis
1131 1456 1299 1496 visionem,

955 1503 1110 1536 Gressum
1136 1504 1397 1537 claudicantibus

1001 1552 1177 1592 multisque
1201 1561 1395 1586 sermonem.

893 1628 924 1663 9.
953 1629 1013 1669 Qui
1040 1629 1082 1661 de
1106 1633 1233 1670 septem
1259 1630 1411 1674 panibus,

1001 1687 1081 1718 quos
1106 1679 1350 1722 multiplicavit,

950 1726 997 1759 Et
1022 1735 1062 1759 ex
1087 1728 1202 1768 paucis
1226 1727 1374 1768 piscibus

997 1775 1112 1808 turbas
1137 1776 1281 1819 satiavit,

949 1824 1095 1864 Quatuor
1119 1825 1154 1857 in
1178 1825 1312 1858 milibus

998 1882 1077 1913 quos
1105 1873 1313 1915 existimavit,

948 1921 1100 1961 Demptis
1126 1922 1318 1955 mulieribus

997 1979 1077 2010 quas
1103 1980 1169 2003 non
1194 1973 1390 2007 numeravit.

863 2044 920 2078 10.
949 2046 1050 2087 Quem
1077 2047 1247 2081 confessus
1273 2048 1379 2082 filium

996 2096 1113 2129 Petrus
1139 2097 1204 2130 Dei
1229 2098 1306 2141 vivi,

947 2143 1000 2176 Ex
1028 2154 1090 2185 quo
1116 2144 1220 2178 fluunt
1246 2148 1390 2180 omnium

998 2193 1177 2233 gratiarum
1202 2194 1275 2235 rivi,

948 2240 1034 2279 Quos
1059 2250 1119 2281 per
1146 2242 1347 2275 desiderium

998 2289 1127 2323 animae
1150 2290 1241 2322 sitivi

950 2336 1047 2369 Unde
1073 2338 1292 2377 patrocinium

996 2390 1112 2425 petens
1137 2389 1171 2418 te
1197 2388 1297 2421 adivi.
