1656 2674
180 210 241 244 10.

180 608 241 642 11.

184 1005 242 1040 12.

182 1403 240 1437 13.

180 1802 237 1838 14.

178 2204 235 2240 15.

723 135 766 140 --
821 115 989 151 143—

697 170 725 194 ο

267 208 393 246 Rarior
417 222 499 253 prae
523 213 672 246 omnibus

316 261 363 294 Es
388 261 469 294 mihi
493 265 570 302 post
593 262 711 304 Deum,

267 309 367 342 Unde
392 314 425 343 te
452 310 599 343 devotius

318 357 448 392 Salutat
474 368 530 391 cor
554 368 672 402 meum,

266 406 425 448 Expellas
451 417 471 439 a
495 406 615 440 finibus

315 455 397 496 Ejus
424 455 631 497 Jebusaeum‚

267 502 342 536 Jam
367 504 422 545 qui
446 505 558 537 multis
583 505 710 538 vicibus

318 552 439 585 Statuit
464 562 516 584 me
540 562 642 587 reum.

267 605 393 650 Ligatis
417 610 452 642 in
476 611 621 643 tenebris

305 657 571 700 Purgatoriorum

268 705 417 739 Gratiam
443 707 484 739 de
509 707 636 748 superis

315 754 369 787 Da
396 754 632 796 suffragiorum,

265 803 377 835 Fletui
404 804 598 845 compateris

316 852 367 884 Tu
394 861 467 885 nam
493 852 708 894 turbatorum,

265 899 410 933 Tuorum
436 910 517 941 prae
541 902 657 933 ceteris

316 948 577 983 Devotariorum.

270 1003 420 1047 Moysina
444 1007 582 1047 mystica

316 1054 445 1089 Diceris
471 1054 605 1098 fiscella,

270 1103 356 1135 Nam
381 1108 454 1136 tuos
479 1102 617 1136 mirifice

316 1151 436 1185 Servas
460 1152 495 1183 in
519 1152 675 1192 procella,

265 1200 490 1233 Adversantes
518 1200 632 1240 dejice„

315 1248 431 1282 Dulcis
457 1257 475 1280 o
501 1249 623 1289 puella,

267 1296 424 1330 Exoitant
474 1296 647 1329 barbarice

316 1345 375 1385 Qm·
401 1347 436 1378 in
461 1345 554 1377 nobis
581 1345 677 1379 bella.

267 1400 372 1442 Nunc,
400 1403 497 1436 stella
522 1402 670 1443 mirifica,

315 1452 420 1486 Stella
446 1452 616 1492 claritatis,

264 1499 443 1542 Refulgens
468 1501 504 1532 in
530 1501 653 1533 coelica

316 1551 402 1583 Aula
426 1558 508 1590 prae
531 1549 646 1590 beatis,

264 1598 316 1630 Tu
340 1608 393 1631 me
414 1597 581 1631 recalifiea

313 1647 469 1689 Algidum
495 1646 651 1689 peccatis,

264 1695 409 1728 Induens
434 1704 486 1727 me
512 1695 622 1727 tunica

315 1745 426 1778 Omnis
452 1744 638 1785 probitatis.

267 1799 379 1837 Omnis
404 1811 481 1835 nam
502 1802 649 1842 justitiae

311 1852 422 1893 Atque
447 1851 627 1883 honestatis

262 1900 309 1934 Et
331 1900 578 1933 benevolentiae

315 1949 381 1983 Seu
404 1948 618 1989 benignitatis

263 1998 388 2031 Forma
413 2007 456 2037 es,
485 1998 567 2031 <lans
594 1997 719 2039 gratiae

313 2047 410 2080 Dona
433 2046 640 2088 praeparatis

262 2096 309 2130 Et
334 2097 438 2129 omnis
463 2095 610 2127 malitiae

312 2145 420 2178 Faece
446 2144 646 2185 expurgatis.

262 2201 405 2239 Ponifex
425 2201 575 2243 mirifica,

311 2254 382 2294 Qua
405 2252 501 2294 panis
527 2255 674 2293 paratur,

258 2304 325 2337 Per
350 2311 446 2344 quem
469 2301 566 2343 plebs
594 2301 756 2335 catholica

309 2351 439 2395 Jugiter
465 2350 603 2392 cibatur,

258 2401 337 2435 Mea
358 2409 450 2435 mens
477 2398 629 2433 famelica

308 2451 363 2484 En
387 2449 476 2485 fame
499 2455 666 2491 gravatur,

970 216 1002 248 A
1026 218 1068 257 te,
1097 224 1115 248 o
1141 222 1216 255 spes
1240 214 1337 247 unica

1018 263 1143 304 Stipem
1168 263 1395 303 praestolatur.

887 311 941 345 16.
969 310 1068 352 Quies
1093 311 1311 345 laborantium

1018 361 1057 393 In
1082 360 1195 393 mundi
1219 360 1342 400 labore,

972 409 1101 443 Christo
1127 408 1374 441 adhaerentium

1017 457 1140 490 Mentis
1167 466 1238 489 cum
1264 456 1403 498 fervore,

970 505 1010 538 In
1035 515 1093 538 nos
1118 505 1353 546 insurgentium

1019 554 1128 586 Nimio
1155 552 1265 586 furore

970 601 1113 634 Auferas
1140 602 1302 635 obsidium

1019 651 1089 683 Tuo
1115 659 1174 691 pro
1201 659 1319 683 amore.

888 707 944 740 17.
973 704 1140 741 Redolens
1166 717 1184 740 o
1211 708 1315 739 lilium

1020 756 1058 788 In
1086 756 1168 789 coeli
1192 757 1357 796 paradiso,

970 804 1061 836 Dans
1087 805 1188 836 menti
1212 805 1362 836 solatium

1018 853 1110 885 Auro
1134 861 1214 893 prae
1240 853 1361 897 obrizo,

970 900 1025 933 Da
1048 901 1128 934 mihi
1153 901 1333 933 remedium

1021 949 1168 983 Peccatis
1195 949 1283 992 eliso,

974 997 1087 1031 Carnis
1113 1002 1187 1039 post
1209 998 1371 1030 excidium

1019 1046 1071 1078 Ne
1092 1046 1207 1078 tradar
1231 1046 1348 1079 inviso.

888 1104 944 1136 18.
973 1099 1079 1137 Stella
1103 1102 1282 1147 serenifiea‚

1018 1151 1140 1184 Lucem
1168 1151 1248 1184 dans
1274 1152 1456 1195 micantem,

969 1198 1087 1232 Infima
1108 1203 1138 1232 et
1166 1201 1288 1232 coelica

1019 1249 1108 1281 Mire
1130 1248 1362 1291 illustrantem,

970 1296 1081 1329 Meam
1107 1296 1287 1329 scientifica

1017 1345 1163 1378 Mentem
1187 1345 1393 1386 ignorantem

969 1394 1080 1434 Atque
1104 1394 1136 1426 vi
1163 1394 1309 1426 satanica

1017 1442 1123 1475 Nimis
1147 1442 1362 1476 oberrantem.

885 1500 941 1533 19.
969 1498 1181 1535 Tribulamen
1207 1499 1336 1533 auferas

1017 1549 1115 1582 Nune
1140 1549 1383 1591 catholicorum,

969 1597 1103 1630 illatum
1127 1606 1188 1638 per
1215 1597 1329 1630 efferas

1021 1646 1143 1679 Gentes
1164 1655 1376 1690 paganorum,

969 1695 1171 1737 Animasque
1198 1694 1326 1727 deferas

1019 1744 1084 1776 Per
1107 1745 1166 1776 hos
1193 1744 1372 1776 occisorum

971 1792 1128 1825 Precibus
1153 1792 1196 1824 ad
1222 1801 1358 1833 superas

1019 1840 1121 1874 Sedes
1144 1840 1324 1875 beatorum.

885 1900 942 1933 20.
969 1896 1086 1933 Venus
1113 1907 1131 1932 0
1160 1899 1349 1940 virgineum,

1022 1948 1138 1981 Gratia
1164 1948 1372 1989 complutum,

969 1996 1061 2030 Dans
1087 1997 1240 2030 amictum
1266 2005 1430 2040 carneum,

1018 2046 1158 2078 Domino
1183 2045 1351 2085 virtutum,

970 2095 1138 2128 Perducas
1165 2103 1336 2127 erroneum

1018 2143 1075 2176 Me
1097 2151 1158 2185 per
1182 2143 1246 2175 iter
1268 2146 1384 2186 tutum,

971 2192 1088 2226 Casum
1114 2193 1356 2225 instantaneum

1018 2242 1151 2275 Pellens
1178 2243 1212 2273 et
1237 2244 1412 2274 versutum.

882 2300 939 2334 21.
963 2297 1235 2334 Xenodochiaria

1014 2349 1061 2382 Es
1087 2348 1180 2382 verbi
1208 2348 1310 2381 divini

968 2399 1008 2432 In
1035 2398 1129 2440 hujus
1153 2397 1286 2431 miseria

1017 2447 1135 2481 Mundi
1159 2447 1335 2492 peregrini,
