1656 2674
635 46 901 84 -132-

182 145 214 177 A
233 144 348 186 quibus
374 145 519 177 venimus
885 153 933 185 Te
955 151 1063 184 cordis
1086 151 1192 193 jubilo

233 193 337 234 stirpe
363 192 548 232 carnaliter,
935 198 1225 239 benedicendibus‚

183 241 230 274 Εῑ
254 249 387 281 (luorum
414 239 535 272 Ufimffl'
884 248 1006 280 Tecum
1031 256 1104 289 quo,
1134 247 1274 287 domina,

233 289 327 322 bonis
353 290 420 319 ‘sam
443 287 590 328 largiter,
939 298 972 327 et.
996 296 1118 328 sanctis
1145 294 1294 327 omnibus

101 347 159 381 20.
187 342 376 385 valvasque
402 344 494 385 aperi
886 343 1074 377 Laudemus
1096 343 1220 384 jugiter

235 393 317 425 coeli
344 391 540 425 carminibus
933 391 1039 425 Deum
1066 392 1287 426 concentibus.

175 467 257 496 Orat.
282 476 338 496 ms.
357 468 557 504 Tegrinsense
582 476 661 496 saec.
685 466 731 496 15.
757 466 831 496 Cim.
851 468 1024 497 Monaeens.
1047 466 1150 498 19824-
1169 468 1221 497 fol.
1241 468 1281 497 54
1300 469 1330 497 b.
1349 468 1385 496 A.
1409 485 1448 490 —-

100 506 180 535 Orat.
202 516 259 535 ms.
280 507 479 543 Tegrinsense
500 515 576 535 saec.
602 505 636 535 15
660 506 733 534 Clm.
755 507 927 543 Monacens,
951 505 1052 537 20001
1076 507 1127 536 fol.
1150 505 1206 536 125
1227 509 1256 537 b.
1277 508 1311 536 B.

563 618 610 651 38.
654 619 869 653 Abecedarius
890 620 972 653 XIII.

98 719 128 752 1.
157 715 306 753 Acumen
328 719 470 759 impetra
858 721 1024 754 Virtutum
1049 720 1184 755 floribus

205 766 286 799 mibi
311 768 477 807 scientiae,
908 770 1141 811 splendescens
1167 770 1280 804 variis.

157 814 225 854 Quo
254 815 350 856 digne
374 824 511 849 venerer
859 818 976 852 Mundi
1002 819 1194 860 gravissime

205 866 240 896 te
262 867 401 897 matrem
427 865 561 907 gratiae,
906 867 1032 907 prassis
1056 868 1197 900 miseriis

155 911 253 945 Meae
277 912 468 945 submoveas
860 915 1021 949 Succurre
1048 916 1142 949 citius

203 960 332 1001 pondus
356 960 507 1002 inertiae,
905 965 971 996 tuis
995 964 1182 1005 praesidiis,

155 1008 287 1042 Peccati
314 1009 474 1042 cumulum
801 1023 832 1057 6,
859 1018 953 1063 Fuga
976 1020 1127 1055 inertiam

205 1060 238 1089 et
261 1058 491 1100 negligentiae·
907 1080 927 1103 a
951 1072 986 1102 te
1008 1070 1231 1116 laudantibus,

97 1116 129 1147 2.
156 1110 434 1149 Benedicentibus
859 1118 977 1151 Veram
1003 1120 1170 1152 solertiam

203 1165 239 1195 te
260 1163 348 1196 laeto
379 1163 523 1196 carmine
910 1168 952 1200 da
976 1167 1254 1210 praesidentibus,

155 1210 257 1244 Adsis
283 1212 434 1245 hilariter
859 1215 957 1257 Sequi
979 1216 1140 1256 justitiam

204 1262 261 1293 tuo
283 1261 460 1301 juvamine,
905 1267 1039 1305 praesta
1060 1264 1239 1307 judicibus,

155 1308 349 1343 Praeserves
374 1309 505 1349 penitus
859 1312 1086 1346 Obedientiam

204 1357 264 1390 hos
290 1360 324 1389 et
347 1367 368 1391 a
392 1358 529 1390 crimine
906 1362 1063 1402 subjectis
1088 1361 1246 1397 omnibus.

156 1404 202 1438 Et
227 1415 246 1438 ἃ
266 1407 403 1439 ‘tartarei
800 1420 830 1452 ’7.
860 1415 994 1453 Gredeon
1020 1420 1193 1452 extrahens

204 1453 308 1486 hostis
334 1453 549 1488 fraudamine.
905 1477 1013 1501 sorem
1039 1478 1079 1501 ex
1103 1468 1226 1501 venere

96 1513 128 1546 3.
156 1507 305 1546 Gandens
330 1521 411 1553 prae
434 1511 570 1547 floribus
858 1516 998 1550 Videtur
1022 1518 1160 1558 mystice

205 1561 328 1593 cunctis
354 1571 372 1594 0
396 1561 512 1603 lilium,
909 1566 993 1598 illud
1019 1566 1212 1607 exprimere,

156 1608 257 1651 Virgo
285 1609 469 1650 concipiens
860 1614 953 1655 Quod
979 1614 1146 1648 Christum
1171 1618 1304 1655 poteras

205 1658 403 1699 gignensque
426 1658 541 1700 filium,
910 1663 1019 1696 divino
1044 1672 1179 1696 munere

155 1706 216 1746 Qui
240 1706 305 1739 tuis
331 1707 483 1747 precibus
859 1711 959 1754 Virgo
987 1712 1159 1753 concipere

203 1758 351 1795 praestet
375 1755 532 1789 auxilium
909 1764 943 1793 et.
964 1761 1057 1803 virgo
1081 1770 1209 1801 parere.

154 1804 220 1837 Per
243 1804 358 1858 mundi
383 1805 528 1860 graviter
800 1819 830 1854 8,
856 1814 962 1859 Hujus
988 1818 1137 1852 amabilis

203 1861 327 1892 pressis
350 1854 510 1886 exsihum.
909 1869 1023 1907 pastus
1051 1867 1151 1900 editio
1242 1896 1258 1911 ·

95 1911 128 1943 4.
154 1907 270 1944 Diram
297 1910 340 1943 da
359 1911 482 1952 judicis
858 1914 1054 1948 Nostrorum
1080 1917 1240 1950 scelerum

203 1958 288 1991 iram
314 1968 373 1992 nos
399 1958 522 2001 fugere,
908 1964 951 1996 sit
977 1964 1124 2008 abolitio,

156 2006 235 2040 Cum
258 2010 403 2041 nostram
428 2010 556 2041 venerit,
855 2011 902 2045 Et
928 2013 1153 2047 exsistentium

199 2055 301 2088 vitam
330 2056 503 2098 discutere,
908 2061 942 2094 in
968 2063 1158 2104 purgatorio

152 2103 241 2135 Velis
264 2104 401 2138 insidias
857 2109 935 2142 Fiat
958 2110 1109 2151 plenaria

201 2151 306 2184 hostis
330 2155 410 2185 tunc
432 2153 570 2195 pellere,
907 2166 1032 2198 poenae
1056 2159 1216 2192 remissio.

153 2199 197 2232 Et
221 2200 315 2233 HObiS
338 2202 455 2242 januas
799 2215 830 2248 9.
858 2211 973 2249 Irrora
997 2216 1119 2249 servuli

204 2249 366 2282 coelorum
389 2251 547 2290 pandere.
908 2271 964 2295 001-
989 2263 1093 2304 culpis
1120 2264 1263 2305 aridum,

93 2306 124 2338 5.
152 2301 200 2338 Es
225 2305 337 2338 hortus
360 2305 496 2340 floridus
862 2309 1018 2345 Coelestis
1044 2313 1170 2353 gratiae

198 2354 326 2393 pollens
356 2355 492 2396 deliciis,
910 2359 990 2392 dans
1010 2360 1226 2403 stillicidium,
