1656 2674
688 113 955 150 —115—

225 208 308 237 Orat.
330 218 384 238 ms.
398 210 583 247 Tegurinum
604 220 681 240 saec.
705 209 749 239 15.
766 211 840 240 Clm.
855 212 972 240 Monac.
995 210 1031 240 19
1039 209 1098 239 824
1116 210 1166 239 fol.
1187 208 1225 240 43
1248 211 1275 239 b.
1296 210 1331 239 A.
1353 227 1390 230 —
1412 208 1493 238 Orat.

141 256 201 275 ms.
220 248 405 285 Tegurinum
425 258 502 278 saec.
526 249 571 279 15.
595 250 668 278 01111.
689 251 807 278 Monac.
831 249 930 280 20001
954 251 1006 279 fol.
1030 248 1085 278 102
1107 258 1126 278 a
1150 250 1180 278 Β.

638 383 687 415 29.
719 382 934 416 Abecedarius
955 383 1006 415 IV.

175 471 209 506 1.
236 469 322 514 Ave,
350 472 544 515 largissima,
881 477 911 510 6.
938 472 1089 515 Frangor
1113 483 1187 506 nam
1211 474 1311 507 animi

290 521 444 554 donatrix
468 531 647 562 munerum,

234 569 325 610 Quae
349 574 499 610 praestas
525 571 660 613 largiter

285 618 424 651 catervis
450 629 631 661 pauperum

237 666 285 700 Et
306 667 350 699 ad
376 675 428 699 me
452 668 585 710 porrige

287 715 328 748 ob
357 715 469 756 culpas
495 717 658 758 miserum,

238 763 365 805 Stipem
397 764 562 797 solaminis

286 821 374 845 nunc
402 815 435 844 et
458 814 493 846 in
518 817 695 854 posterum.

202 906 211 914 .
237 877 388 914 Benedie
413 878 569 914 famulum

288 937 329 961 ex
353 928 417 961 Dei
443 930 558 970 gratia,

240 976 418 1010 Conantem
447 986 564 1010 canere

286 1028 344 1057 tua
376 1026 560 1066 praeconia,

239 1074 439 1107 Phantasma
460 1074 584 1115 disjice,

290 1126 431 1154 mentem
450 1123 585 1163 irradia,

236 1170 292 1211 Et,
319 1179 401 1211 quae
427 1176 500 1203 sunt
527 1171 669 1211 pleniter

294 1219 335 1251 da
361 1227 555 1252 neccssaria.

203 1313 210 1322 .
240 1283 372 1320 Coelum
399 1287 544 1327 concipio

286 1338 320 1367 te
344 1344 409 1367 non
432 1334 618 1376 incongrue,

239 1382 309 1422 Qua
332 1383 427 1415 nobis
452 1382 590 1416 influunt

289 1431 375 1464 bona
402 1433 569 1474 continue3

235 1481 282 1513 Et
302 1480 383 1512 mihi
408 1481 545 1520 gratiam

286 1528 430 1561 divinam
455 1527 564 1568 influe,

231 1577 278 1611 Ut
302 1580 337 1609 te
363 1577 574 1609 concentibus

278 1625 408 1659 laudem
431 1626 570 1660 assidue.

196 1720 203 1728 .
230 1691 294 1728 Dei
318 1694 455 1735 ingeniti

279 1746 358 1775 nata
385 1743 532 1776 amabilis

231 1791 277 1825 Et
302 1791 371 1832 ejus
397 1789 456 1824 filii

280 1842 386 1873 mater
410 1840 596 1880 laudabilis,

229 1888 419 1923 Pneumatis
446 1889 590 1921 clausula

278 1936 487 1981 inviolabilis,

230 1986 362 2020 Cunctis
390 1986 596 2019 credentibus

278 2044 312 2067 es
344 2035 551 2068 venerabilis.

162 2094 201 2127 Ξ).
229 2090 280 2128 En
304 2094 400 2126 modo
428 2093 599 2135 conspicis,

229 2135 241 2150 ⁴
279 2151 341 2184 quo
373 2142 535 2176 desiderio

224 2192 388 2233 Flagrans
413 2191 566 2224 inhaereo

274 2243 330 2273 tuo
355 2241 504 2282 vestigio.

221 2290 304 2323 Frui
332 2289 523 2322 desiderans

270 2344 325 2372 tuo
350 2338 514 2381 suffragio,

221 2388 278 2421 Me
303 2397 421 2429 nempe
445 2388 617 2430 multiplex

271 2437 392 2479 premit
417 2437 568 2471 defectio.

872 1695 904 1728 9.

846 2093 904 2127 10.

987 523 1221 564 inquietudine,

937 571 998 611 Qui
1022 570 1124 603 multo
1150 571 1312 612 premitur

987 619 1141 661 gravique
1168 619 1310 659 crimine,

937 668 1093 708 Respirat
1118 668 1285 708 paululum

988 716 1047 749 sed
1073 725 1093 748 a
1118 716 1314 756 gravamine,

938 764 1113 797 Delectans
1141 765 1279 797 dulciter

987 816 1043 845 tuo
1070 813 1228 845 amamine

942 877 1081 916 Gravem
1106 881 1274 920 penuriam

986 929 1142 962 virtutum
1167 928 1309 970 profero,

937 977 1034 1011 Unde
1059 977 1218 1010 solamina

987 1028 1043 1057 tua
1068 1025 1228 1064 desidero,

941 1074 1088 1107 Clemens
1113 1074 1285 1106 subvenias

986 1126 1021 1154 ut
1047 1121 1126 1153 mihi
1152 1122 1279 1160 misero,

938 1170 984 1203 Ut
1009 1179 1073 1202 non
1099 1174 1172 1210 post
1199 1170 1320 1203 obitum

985 1218 1159 1259 immergar
1183 1220 1330 1252 Tartaro.

937 1283 1022 1320 Hinc
1050 1295 1127 1326 ergo
1151 1295 1290 1318 veneror

984 1338 1017 1366 te
1043 1337 1186 1367 sanctam
1214 1334 1382 1375 virginem,

938 1384 1026 1422 Quae
1051 1382 1145 1415 nobis
1171 1382 1315 1423 parturis

985 1431 1089 1464 Deum
1116 1434 1145 1463 et
1174 1432 1342 1473 hominem,

937 1479 1041 1512 Nobis
1067 1479 1249 1512 hominibus

985 1529 1143 1568 adspectu
1168 1528 1316 1568 similem,

936 1577 988 1609 Ab
1016 1577 1101 1609 omni
1127 1577 1205 1609 vitio

985 1625 1246 1666 inattingibilem.

931 1690 1009 1734 Ipse
1031 1693 1178 1733 justitiae

979 1742 1028 1774 sol
1048 1750 1106 1774 nos
1131 1741 1280 1779 irradiet,

930 1790 981 1823 Ne
1008 1799 1065 1822 nos
1093 1789 1134 1822 de
1160 1793 1267 1822 cetero

982 1838 1078 1879 culpa
1104 1839 1310 1881 contaminet,

932 1888 1031 1921 Pater
1057 1886 1097 1919 ab
1124 1887 1270 1920 omnibus

978 1936 1074 1968 malis
1099 1944 1157 1968 nos
1183 1936 1341 1977 sublevet,

931 1985 1076 2018 Pneuma
1107 1993 1164 2018 nos
1190 1985 1310 2018 lumine

979 2043 1036 2067 suo
1061 2034 1230 2067 illuminet.

927 2089 1083 2127 Karisma
1109 2092 1223 2125 doceat

979 2141 1125 2182 eiusdem
1150 2141 1285 2183 spiritus

929 2190 997 2223 Nos
1023 2198 1153 2231 pressos
1178 2190 1327 2231 plurimis

978 2238 1261 2280 perplexitatibus,

927 2288 1097 2329 Expurget
1122 2289 1264 2328 pleniter

975 2347 995 2370 a
1019 2336 1228 2374 facinoribus,

925 2387 1110 2421 Clementer
1134 2387 1261 2428 repleat

975 2436 1099 2469 cunctis
1119 2436 1301 2469 virtutibus.

1260 2492 1303 2523 8*
