1656 2674
141 2279 197 2314 10.

194 221 200 228 .
228 190 274 228 Es
301 196 392 237 pacis
423 197 549 229 aeterni

277 245 461 284 promotrix
485 245 615 287 habilis,

227 291 437 326 Concordans
463 294 608 328 homines

277 349 350 374 cum
375 343 497 375 sanctis
523 344 658 387 angelis,

228 388 351 424 Aufers
374 391 557 424 tendiculas

277 438 400 472 inferni
425 440 571 481 aucupis,

226 486 279 520 Ne
303 491 431 521 tantum
460 492 578 521 noceat

276 539 314 569 ut
338 537 440 570 vellet
465 538 618 572 credulis.

194 639 201 647 .
228 610 323 655 Fuga
347 615 507 648 satellites

278 672 404 704 quoque
429 664 601 707 satanicos‚

229 711 290 752 Qui
314 712 411 744 modo
437 712 586 744 saeviunt

279 760 314 793 in
338 763 411 793 tuos
437 759 585 805 famulos,

230 808 302 841 Nec
325 818 391 842 non
417 812 450 841 et
473 810 614 850 impetus

276 858 364 898 pelle
389 858 574 899 paganicos,

231 905 354 946 Quibus
381 906 558 938 crudeliter

280 957 433 995 premunt
458 954 643 988 catholicos.

195 1057 202 1064 .
231 1027 341 1066 Gnare
367 1030 420 1064 fac
444 1032 611 1073 principes

280 1080 361 1122 ipsis
385 1080 548 1120 resistere,

231 1127 283 1160 Ne
307 1129 435 1170 possint
457 1129 611 1162 terminos

278 1180 407 1210 nostros
432 1179 608 1221 conterere,

231 1224 278 1258 Ut
302 1228 357 1258 tuo
382 1224 449 1257 filio

279 1273 405 1314 tibique
429 1273 534 1305 libere

230 1321 390 1361 Queamus
413 1322 536 1363 jugiter

276 1370 391 1403 laudes
418 1371 619 1411 depromere.

195 1473 202 1481 .
228 1444 333 1488 Hujus
357 1448 535 1491 molestiae,

275 1497 321 1529 mi
347 1497 487 1529 clemens
515 1496 654 1539 domina,

229 1544 352 1578 Nostra
375 1549 413 1577 ut
436 1554 552 1578 vereor

277 1596 412 1627 causant
434 1593 632 1636 peccamina,

226 1642 315 1683 Quae
339 1646 396 1675 tua
422 1642 515 1675 citius

275 1692 395 1724 tollant
416 1690 613 1732 precamina,

227 1739 320 1772 Pelle
342 1740 505 1780 tristitias,

275 1788 399 1828 praebe
424 1788 591 1821 solamina.

193 1885 200 1893 .
227 1858 268 1896 In
297 1860 361 1894 hac
383 1860 525 1901 miseria,

275 1913 313 1942 ut
337 1911 410 1943 luce
436 1909 555 1942 clarius

227 1958 326 1991 Patet
349 1959 468 1991 intuitu

275 2008 393 2040 mentis
421 2006 636 2051 cernentibus,

228 2056 303 2091 Jam
327 2057 431 2089 virtus
459 2054 578 2098 deficit,

276 2108 343 2138 tam
367 2105 402 2138 in
426 2104 604 2145 majoribus

227 2153 328 2194 Quam
351 2155 386 2187 in
408 2153 583 2196 J'uvenibus

275 2203 345 2237 sive
369 2203 557 2236 minoribus.

224 2274 361 2312 Karitas
387 2277 503 2318 tepuit,

275 2327 453 2362 succrescit
478 2326 599 2368 odium,

223 2376 322 2411 Volat
347 2375 512 2418 superbia,

274 2426 390 2468 culpae
409 2425 549 2467 initium⁷

683 97 952 134 —125—

851 420 908 455 11.

848 836 905 871 12.

847 1252 902 1287 13.

845 1663 902 1701 14.

846 2077 901 2112 15.

932 198 978 231 Et
1003 197 1141 230 avaritia

981 247 1072 279 velut
1092 245 1277 279 incendium

933 297 1007 330 Jam
1032 294 1219 327 habitacula

986 344 1136 376 devastat
1156 344 1324 378 mentium.

936 418 1058 464 Luxus,
1085 420 1254 462 ingluvies,

980 472 1082 513 tepor,
1110 469 1245 510 invidia,

931 519 996 561 Ira,
1025 519 1196 561 contentio,

980 566 1063 607 rixa,
1092 565 1265 606 discordia,

933 614 1073 658 Rancor,
1100 614 1267 647 temeritas

983 665 1016 695 et
1039 663 1089 695 his
1114 662 1233 697 similia

934 711 1116 745 Cernuntur
1142 713 1261 745 ducere

981 760 1099 792 multos
1132 769 1192 801 per
1218 760 1322 794 devia.

932 835 1081 872 Materna
1105 836 1205 878 igitur

978 889 1035 918 tua
1061 886 1240 927 compassio

931 934 1000 967 Nos
1025 935 1215 967 reconciliet

981 982 1099 1015 dilecto
1124 980 1203 1024 filio,

931 1031 978 1065 Ut
1002 1031 1071 1071 ejus
1098 1031 1192 1064 deica

978 1079 1169 1120 propitiatio

929 1127 1030 1168 Mala,
1058 1135 1140 1168 quae
1163 1128 1316 1169 patimur,

978 1176 1074 1208 tollat
1099 1176 1139 1208 de
1162 1176 1282 1209 medio.

930 1249 1025 1287 Nunc
1049 1261 1108 1285 nos
1131 1253 1369 1294 prosternimus

977 1300 1041 1333 sibi
1065 1300 1241 1344 humiliter,

928 1350 1081 1383 Petentes
1105 1351 1234 1383 veniam

979 1398 1076 1431 corde
1100 1396 1265 1440 flebiliter,

928 1446 988 1480 Uti
1011 1446 1180 1487 indulgeat

977 1495 1235 1529 misericorditer

929 1544 1143 1585 Quaecunque
1168 1545 1304 1577 crimina

977 1593 1147 1626 commissa
1172 1594 1323 1635 turpiter.

931 1661 956 1699 Ο
984 1674 1109 1697 summa
1132 1666 1237 1706 pietas

978 1717 1010 1746 et
1034 1712 1218 1755 ineffabilis,

928 1762 1071 1795 Nostrae
1095 1763 1280 1795 memineris

977 1811 1064 1843 vitae
1086 1814 1153 1843 tam
1178 1810 1317 1853 fragilis,

929 1859 1018 1899 Quae
1042 1859 1142 1892 tantis
1164 1860 1287 1901 jugiter

976 1908 1090 1941 subest
1113 1909 1278 1950 periculis,

927 1957 974 1990 Et
999 1960 1067 1990 esto
1093 1958 1209 1990 sceleri

976 2010 1088 2039 nostro
1114 2006 1296 2047 placabilis.

928 2075 1035 2112 Parce
1059 2079 1225 2112 humiliter

980 2128 1108 2169 culpam
1133 2128 1325 2171 fatentibus,

929 2177 981 2210 Ac
1005 2179 1094 2209 tuam
1119 2178 1257 2218 gratiam

950 2221 957 2237 “
978 2226 1077 2259 corde
1100 2226 1319 2269 poscentibus,

929 2275 1033 2308 Nobis
1057 2275 1268 2317 prudentiam

980 2324 1023 2357 da
1047 2325 1319 2369 praesidentibus,

928 2373 976 2407 Ut
1001 2377 1095 2407 caute
1119 2375 1251 2408 obvient

976 2423 1011 2456 in
1036 2433 1096 2457 nos
1121 2424 1339 2467 surgentibus,
