1656 2674
91 269 149 305 41.

90 697 148 730 42.

89 1126 148 1160 43.

90 1553 147 1587 44.

88 1980 146 2017 45.

638 15 879 54 .-92.-

177 270 284 309 Salve,
312 269 353 303 de
378 278 441 311 qua
467 268 611 302 canitur:

222 319 296 351 Ave
319 318 417 350 maris
442 318 547 360 stella,

175 366 235 406 Tu,
263 375 326 407 qua
351 366 498 400 Christus
526 365 686 406 conditur,

224 414 361 455 Scirpea
381 412 516 453 fiscella,

173 462 284 497 Plebis
311 463 379 503 ejus
406 463 549 503 quatitur

223 511 324 544 Navis
348 511 382 543 in
407 511 562 552 procella,

177 560 241 593 Per
266 569 361 600 quam
386 560 428 593 ad
453 563 486 591 te
512 558 644 601 fugitur,

224 609 250 642 O
278 609 381 641 dulcis
406 608 527 649 puella.

175 696 281 737 Salve,
310 706 405 738 quam
429 696 580 729 hilariter

225 746 342 779 Coneio
368 744 475 778 fidelis

175 793 367 827 cantionum
386 795 507 835 jugiter

225 842 406 875 Veneratur
427 843 530 883 melis,

174 891 264 932 Rogo
290 894 323 923 te
348 891 514 924 humiliter

220 940 277 972 Me
302 948 419 972 sanare
441 940 524 972 velis

171 987 234 1021 La„
252 997 311 1021 um
335 988 539 1021 horribiliter

222 1037 351 1070 Inimici
376 1037 458 1071 telis,

174 1125 281 1167 Salve,
309 1124 529 1158 habitaculum

221 1173 353 1206 Domini
377 1172 529 1215 Messiae,

175 1222 275 1262 Quem
299 1222 434 1255 laudant
460 1223 493 1254 in
519 1222 683 1255 saeculum

223 1271 312 1305 Coeli
336 1271 550 1311 hierarchiae,

174 1319 274 1352 Salva
296 1329 349 1352 me
373 1329 433 1360 per
455 1320 596 1360 Jubilum

221 1368 326 1409 Hujus
352 1368 573 1409 symphoniae,

172 1416 316 1457 Aliquod
342 1426 383 1450 ne
407 1417 597 1450 scandalum

222 1465 370 1498 incidam
394 1466 457 1498 hac
484 1466 547 1500 die.

175 1552 281 1595 Salve,
309 1553 409 1594 sidus,
437 1554 565 1586 radium

219 1602 342 1635 Mirum
368 1612 451 1644 quae
477 1602 641 1643 diffundis,

172 1651 234 1692 Qui
259 1652 316 1684 <lat
339 1660 491 1693 magnum
516 1652 668 1693 gaudium

220 1701 251 1731 A
277 1703 411 1742 peccato
437 1701 578 1741 mundis,

172 1748 313 1782 Vocibus
340 1749 547 1782 clamantium

219 1798 275 1831 Ad
300 1800 333 1830 te
357 1798 579 1839 gemebundis,

172 1846 278 1878 Tuum
304 1847 361 1879 <les
386 1847 588 1888 praesidium

222 1894 368 1928 Trahens
396 1896 436 1928 de
460 1894 643 1936 profundis.

174 1982 280 2024 Salve,
306 1983 385 2016 luna
406 1983 559 2016 ‘tenebras

223 2031 345 2073 Culpae
367 2041 449 2073 quae
471 2031 617 2074 repellis,

173 2080 293 2113 Stellas
318 2090 456 2122 namque
483 2085 607 2114 ceteras

221 2128 359 2162 Lumine
383 2130 568 2170 praecellis,

172 2176 257 2209 Mihi
281 2178 375 2211 nanti
398 2179 558 2219 praebeas

220 2225 355 2259 Manum
379 2227 415 2260 in
439 2226 605 2268 procellis,

173 2273 264 2306 Lites
290 2276 402 2308 mundi
427 2275 567 2315 auferas,
606 2314 609 2323 Ι

221 2322 337 2357 Finem
361 2332 447 2365 pone
472 2324 578 2356 bellis.

743 171 787 205 II.

788 268 847 302 46.

789 697 846 731 47.

787 1126 846 1160 48.

788 1554 845 1588 49.

790 1984 848 2018 50.

875 267 982 310 Salve,
1008 267 1064 300 lux
1088 267 1233 300 laetitiae

924 314 1057 349 Homini
1083 316 1240 356 credenti,

874 363 967 397 Nulli
991 364 1099 397 lumen
1123 365 1249 406 gratiae

924 412 1096 454 Denegans
1120 413 1255 454 petenti.

873 461 1002 494 Donum
1026 461 1248 503 indulgentiae

922 510 1007 543 Mihi
1031 510 1212 551 poenitenti

871 559 1018 600 Impetra
1045 561 1077 591 et
1101 559 1225 602 gloriae

922 607 1044 641 Locum
1071 609 1254 642 decedenti.

874 696 979 737 Salve,
1008 705 1102 738 quam
1128 706 1149 729 a
1172 697 1301 730 saeculo

921 745 1054 778 Patrum
1078 745 1252 786 vigilamen

871 793 977 826 Effert
1000 794 1107 826 laudis
1133 794 1226 827 titulo

922 841 1022 875 Suum
1046 851 1107 883 per
1132 842 1277 883 effamen,

872 890 955 923 Mihi
983 893 1037 923 tuo
1063 890 1183 924 famulo

922 939 990 973 Des
1016 940 1225 983 opitulamen,

873 988 924 1021 Ne
947 989 1066 1029 jungar
1092 988 1222 1022 diabolo

922 1037 1041 1070 Mundi
1065 1040 1140 1077 post
1168 1046 1312 1073 examen,

873 1123 982 1165 Salve,
1009 1133 1106 1165 quam
1129 1123 1316 1158 fecunditas

921 1173 1023 1206 Ornat
1047 1173 1248 1214 maternalis,

871 1222 946 1255 Tibi
972 1225 1078 1255 tamen
1105 1223 1231 1263 puritas

921 1270 1037 1303 Manet
1061 1270 1239 1312 virginalis,

873 1319 1030 1361 Protegat
1053 1320 1238 1360 benignitas

921 1368 993 1401 Tua
1017 1368 1076 1402 hos
1102 1378 1123 1401 a
1149 1368 1255 1409 malis,

873 1417 958 1457 Quos
983 1417 1064 1449 mihi
1089 1418 1249 1450 serenitas

922 1465 1035 1507 :iungit
1061 1466 1224 1506 specialis.

874 1552 980 1594 Salve,
1007 1554 1126 1594 palma,
1154 1552 1234 1587 folia

923 1601 1021 1643 Cujus
1050 1603 1130 1635 dant
1154 1602 1355 1647 umbramen,

872 1651 945 1691 His,
972 1651 1028 1692 qui
1054 1661 1126 1683 cum
1152 1652 1335 1685 constantia

922 1699 998 1733 Tibi
1023 1699 1220 1733 famulamen

873 1748 1052 1789 Exhibent,
1082 1758 1121 1781 ex
1146 1750 1254 1790 gratia

920 1797 982 1830 His
1011 1798 1053 1831 da
1077 1799 1273 1839 relevamen,

872 1845 959 1886 Quos
983 1846 1105 1887 premit
1129 1848 1280 1888 angustia

922 1896 998 1928 Sive
1025 1895 1232 1930 tribulamen.

875 1982 982 2024 Salve,
1010 1984 1117 2026 stella,
1143 1985 1274 2018 radium

922 2032 1007 2066 Solis
1035 2042 1118 2074 quae
1143 2034 1273 2079 misisti,

874 2081 1009 2121 Quando
1035 2081 1098 2114 Dei
1123 2082 1225 2116 filium

924 2131 1030 2164 Carne
1055 2131 1206 2173 genuisti,

873 2178 1024 2211 Hominis
1049 2178 1257 2221 naufragium

922 2228 973 2260 Ita
998 2226 1175 2270 abstulisti,

837 2293 843 2296 -
873 2275 972 2315 Quem
1000 2285 1126 2317 quoque
1152 2278 1196 2310 ad
1219 2278 1373 2319 gaudium

923 2323 1012 2357 Coeli
1037 2325 1209 2361 reduxisti.
