1656 2674
703 83 944 118 -38-

232 184 314 210 Orat.
336 191 390 210 ms.
411 182 550 218 Tegurin.
572 189 649 209 saec.
672 179 717 209 15.
740 180 812 209 Olm.
836 181 954 210 Monac.
977 180 1014 210 19
1023 178 1082 210 824
1102 180 1154 209 fol.
1174 178 1230 209 189
1249 189 1276 208 a.
1297 181 1333 208 A.
1355 195 1393 200 —
1415 182 1498 208 orat.

153 228 206 247 ms.
227 222 367 258 Tegurin.
389 228 465 248 saec.
490 218 533 247 15.
552 219 625 248 Clm.
638 220 756 248 Monac.
779 217 815 248 19
825 217 889 248 636.
911 221 962 249 fol.
983 218 1040 248 276
1065 228 1091 248 a.
1109 220 1144 248 B.
1164 235 1204 239 -
1226 220 1357 257 „Incipit
1369 220 1498 255 hymnus

152 258 188 286 de
216 260 365 288 salvatore
390 260 545 287 continens
575 259 608 286 in
635 259 711 286 serie
738 258 914 294 capitalium
940 259 1076 287 titulum:
1114 259 1204 287 Jesus
1230 259 1405 287 Nazarenus
1431 259 1497 287 Rex

151 297 341 326 Judaeomun.
362 298 396 325 A.

512 401 538 431 7.
580 399 627 432 Ad
647 399 812 433 Dominum
830 399 938 432 Jesmn
960 400 1130 433 Christum.

151 471 183 505 1.
209 473 293 513 Ave,
320 472 408 515 Jesu,
435 471 534 514 figule

257 520 408 555 Prudens
434 521 536 553 omnis
562 521 620 560 rei,

208 567 315 602 Decus
339 569 509 601 indicibile

256 616 346 650 Dans
372 619 522 658 potenter
548 618 587 658 ei,

207 664 285 707 Fac,
311 675 329 698 o
355 664 518 698 ineffabile

255 713 400 747 Verbum
425 715 541 747 summi
565 714 638 756 Dei.

207 761 283 794 Tibi
307 762 486 795 habitabile

256 811 396 844 Antrum
423 811 531 844 cordis
556 812 629 845 mei.

205 868 287 908 Ave,
313 867 373 901 fios
398 869 557 910 amabilis,

255 916 355 956 Quem
378 926 464 949 nunc
487 917 652 950 indefesse

203 964 318 997 Laudo
343 965 477 998 laudum
501 964 644 999 flosculis

251 1013 302 1045 De
326 1013 511 1054 scripturae
535 1024 641 1047 messe

204 1060 344 1101 Carptis,
372 1062 426 1102 qui
452 1064 591 1095 oraculis

251 1109 302 1142 De
326 1110 438 1142 radice
463 1110 556 1143 Jesse

202 1155 374 1190 Dicebaris
401 1158 542 1191 credulis

251 1206 414 1238 Oriundus
441 1215 521 1240 esse.

144 1263 175 1295 3.
202 1263 283 1301 Ave,
311 1264 360 1296 sol
382 1264 537 1305 justitiae,

250 1311 441 1344 Animarum
467 1313 544 1355 vita,

201 1358 274 1391 Lux
297 1360 532 1401 intelligentiae

249 1407 364 1440 Laude
389 1409 550 1451 redimita,

201 1454 295 1488 Dono
321 1457 525 1490 innocentiae

250 1504 318 1537 Nos
345 1505 520 1539 clementer
547 1508 626 1549 dita,

200 1551 411 1594 Tandemque
435 1555 478 1587 ad
504 1555 627 1596 gloriae

249 1600 375 1634 Statum
400 1612 458 1635 nos
482 1603 594 1637 invita.

138 1659 170 1690 4.
197 1659 279 1700 Ave,
307 1660 509 1693 admirabilis

245 1707 318 1741 Rex
342 1711 451 1741 terrae
476 1710 631 1752 coelique,

198 1754 295 1796 Cujus
320 1758 515 1791 venerabilis

244 1805 332 1838 Laus
357 1806 447 1838 volat
470 1807 601 1848 ubique,

196 1851 395 1886 Judaeorum
420 1853 539 1888 flebilis

245 1902 342 1934 Plebs
369 1903 445 1935 olim
470 1904 581 1945 inique

196 1950 245 1983 Te
271 1952 405 1993 sprevit,
431 1953 581 1986 amabilis

247 1999 325 2032 Cum
350 2001 395 2032 sis
420 2001 603 2043 utrobique.

137 2058 168 2090 5.
195 2057 267 2090 Ave
291 2059 470 2092 torcularia

243 2106 321 2139 Jesu
347 2108 401 2148 qui
429 2109 572 2150 calcasti,

196 2153 308 2187 Crucis
333 2156 367 2187 in
393 2158 528 2198 angaria

244 2203 378 2243 Quando
404 2205 573 2248 laborasti,

194 2251 354 2285 Mundum
379 2254 427 2286 sic
452 2264 472 2287 a
497 2255 590 2288 varia

242 2300 333 2333 Labe
357 2302 515 2344 liberasti,

192 2348 379 2391 Multosque
403 2352 438 2383 in
462 2352 567 2393 gloria

241 2398 362 2431 Tecum
387 2400 579 2435 sublimasti.

148 868 178 901 ῥ’.)

873 472 905 506 6.

838 2061 893 2095 10.

932 474 1014 514 Ave,
1041 475 1147 514 petra,
1175 473 1289 506 scissio

982 521 1082 562 Cujus
1108 522 1161 555 vel
1186 520 1334 554 foramen

931 569 1034 603 Justis
1061 573 1111 602 est
1134 571 1295 611 protectio

977 618 1088 660 Atque
1109 628 1307 661 recreamen,

929 666 1014 699 Mihi
1039 667 1084 699 sis
1111 668 1220 709 ericio,

977 716 1108 760 Precor,
1139 715 1358 757 defensamen,

929 763 1015 797 Urat
1038 773 1081 796 ne
1105 774 1165 805 pro
1191 765 1271 797 vitio

979 812 1088 854 Stygis
1113 822 1166 845 me
1190 812 1372 848 sufflamen.

896 896 902 902 .
928 872 1011 911 Ave,
1038 869 1109 912 flos,
1137 880 1232 912 quem
1256 875 1393 913 generat

976 920 1101 952 Hortus
1130 920 1309 961 virginalis,

928 969 1029 1007 Quem
1053 968 1162 1000 nullus
1189 969 1358 1001 obnubilat

975 1016 1086 1056 Tepor
1110 1016 1269 1059 hiemalis,

927 1064 993 1097 Sed
1018 1064 1105 1096 hunc
1129 1074 1184 1097 ros
1211 1065 1354 1098 inebriat

975 1112 1112 1153 Semper
1139 1113 1301 1154 divinalis,

927 1160 974 1194 Ut
998 1161 1075 1193 olim
1100 1162 1311 1202 praedixerat

975 1208 1087 1242 Sermo
1112 1210 1326 1250 prophetalis.

893 1293 899 1300 .
925 1268 1008 1308 Ave,
1037 1267 1088 1299 0111
1112 1268 1175 1300 1100
1198 1269 1290 1301 vario

973 1315 1099 1357 Laude,
1125 1315 1207 1349 flore
1231 1326 1350 1358 pango.

926 1363 1027 1403 Quem
1054 1364 1095 1397 de
1118 1365 1277 1398 viridario

974 1412 1218 1454 Scripturarum
1243 1412 1370 1456 frango,

922 1460 976 1493 En
1001 1470 1061 1501 pro
1085 1461 1267 1494 multifario

972 1509 1103 1542 Scelere
1128 1519 1180 1542 me
1201 1511 1332 1553 plango,

924 1557 1022 1591 Unde
1046 1559 1109 1591 hoc
1133 1559 1168 1591 in
1195 1560 1320 1592 cantico

972 1606 1095 1640 Laudis
1123 1608 1284 1648 plectrum
1310 1611 1419 1649 tango,

886 1687 893 1695 .
921 1665 1006 1706 Ave,
1031 1666 1089 1698 lux
1115 1666 1170 1707 qui
1196 1666 1344 1699 omnibus

971 1713 1107 1755 Semper
1132 1723 1166 1746 es
1189 1715 1345 1756 Jucunda,

921 1761 982 1801 Qui
1007 1762 1069 1795 tibi
1095 1763 1253 1797 sincerius

971 1810 1078 1844 Corda
1102 1815 1222 1853 parant
1245 1814 1379 1846 munda.

924 1858 1057 1892 Gratiae
1082 1861 1270 1894 muneribus

972 1908 1036 1941 Cor
1060 1918 1167 1942 meum
1191 1909 1345 1952 fecunda,

922 1956 1094 1999 Irrigando
1122 1958 1268 1992 crebrius

971 2005 1197 2040 Lacrimarum
1225 2009 1324 2041 unda.

920 2063 1003 2105 Ave,
1032 2065 1098 2098 dux
1126 2067 1271 2099 euntium

969 2113 1022 2146 Ad
1049 2123 1152 2155 regna
1175 2124 1328 2156 superna,

921 2161 1042 2195 Cursus
1068 2162 1302 2208 festinantium,

969 2210 1032 2243 Via
1057 2214 1090 2243 et
1114 2212 1258 2254 lucerna,

920 2257 1045 2291 Doctor
1069 2260 1299 2304 ignorantium,

968 2307 1120 2341 Illustres
1145 2309 1278 2344 interna

917 2355 1005 2397 Mea,
1033 2366 1116 2397 quae
1139 2367 1200 2398 per
1224 2360 1339 2393 vitium

967 2405 1121 2438 Tendunt
1148 2407 1191 2441 ad
1216 2408 1357 2443 inferna.
