1656 2674
150 160 205 195 17.
231 157 311 201 Ros,
337 168 466 202 unguen
491 157 634 191 vividum

285 209 433 240 emittens
459 206 594 248 gratiae,

235 257 437 290 Mundantur
462 254 631 288 sordidiae

284 313 347 345 quo
373 303 600 344 conscientiae,

232 352 359 386 Eodem
385 351 495 392 edoce,

279 403 385 433 mater
408 399 609 440 clementiae,

232 448 375 482 Nostrae
399 452 466 481 tam
492 447 612 480 stolida

283 497 529 538 intelligentiae.

149 556 207 590 18.
235 551 340 589 Stella
362 562 450 587 nunc
472 553 622 594 rutilans,

280 603 315 636 in
342 602 423 636 coeli
448 603 563 643 gloria,

234 651 302 692 Qua
327 652 419 684 nulla
443 651 572 692 penitus

281 703 357 732 sunt
383 700 558 739 decoloria,

237 748 423 782 Gaudentes
446 749 568 789 jugiter

283 800 340 829 tua
361 797 518 829 memoria

234 845 418 886 Purgentur
442 843 589 877 funditus

284 902 304 926 a
330 894 444 934 culpae
469 893 584 926 scoria.

782 59 853 95 128
902 78 950 84 ——

850 157 906 192 19.
934 153 998 190 Tui
1022 155 1211 188 habentium

985 204 1081 245 digne
1105 203 1304 243 memoriam,

933 252 1006 285 Eva
1032 261 1127 292 quam
1151 251 1263 285 intulit

982 300 1123 333 emunda
1146 300 1297 340 scoriam,

932 349 1003 382 Hos
1028 348 1128 381 vitam
1155 348 1290 381 invehas

981 400 1058 438 post
1082 397 1306 430 transitoriam

937 445 1017 479 Cum
1042 446 1164 478 sanctis
1190 444 1316 487 angelis

981 495 1016 527 in
1042 495 1125 527 coeli
1151 494 1297 536 gloriam.

848 554 907 587 20.
934 549 1001 587 Ubi
1024 554 1215 594 perenniter

981 610 1097 642 magno
1123 601 1270 641 tripudio

930 650 1060 692 Regnas
1085 651 1119 683 in
1150 650 1255 692 gloria

983 708 1054 731 cum
1081 698 1169 731 dulci
1194 697 1272 742 filio,

931 747 986 780 Ad
1011 751 1046 780 te
1070 757 1129 780 nos
1157 747 1276 780 ducere

978 795 1059 829 velis
1088 804 1160 828 cum
1184 796 1315 836 gaudio,

934 843 1049 876 Carnis
1076 847 1109 876 et
1133 844 1261 877 animae

978 891 1066 925 facto
1094 892 1244 926 divortio.

228 979 309 1007 Orat.
331 988 384 1007 ms.
400 979 586 1016 Tegurinum
605 986 681 1007 saec.
706 977 751 1007 15.
767 977 840 1007 Clm.
856 979 976 1007 Monac.
999 975 1100 1007 19824
1119 978 1171 1007 fol.
1193 976 1231 1006 52
1252 987 1278 1007 a.
1299 977 1335 1006 A.
1349 994 1388 998 —
1405 977 1489 1006 Orat.

148 1026 203 1046 mS.
224 1018 424 1056 Tegrinsonse
444 1026 521 1046 saec.
546 1016 590 1045 15.
613 1017 686 1046 Clm.
709 1018 827 1046 Monac.
848 1015 950 1047 20001
970 1018 1021 1046 fol.
1047 1016 1103 1046 120
1123 1018 1153 1047 b.
1172 1018 1207 1046 B.

632 1140 680 1173 36.
720 1139 935 1173 Abecedarius
958 1140 1011 1172 XJ.

175 1241 206 1274 1.
230 1239 355 1276 Amore
380 1241 514 1284 crucior,

282 1294 350 1333 tuo,
377 1291 422 1323 mi
449 1290 588 1331 domina,

238 1339 336 1380 Cuius
363 1338 507 1380 quotidie

287 1396 378 1420 sumo
404 1386 570 1427 solamina,

232 1436 364 1468 Mecum
389 1435 536 1476 angelica

283 1487 316 1516 te
340 1484 475 1517 laudent
501 1483 639 1527 agmina,

233 1532 390 1567 Coelestis
416 1532 539 1573 gloriae

284 1584 448 1614 tenentem
475 1580 623 1614 culmina.

174 1640 206 1672 2.
234 1636 380 1680 Benigne
404 1639 534 1680 suscipe

284 1696 424 1729 carmen,
452 1688 538 1728 quod
564 1686 663 1720 offero

236 1736 311 1770 Tibi
335 1736 370 1769 in
395 1736 476 1770 solio

281 1785 430 1826 regnanti
456 1793 587 1826 supere,

240 1834 380 1867 Vitalem
406 1834 579 1866 terminum

285 1892 356 1915 cum
381 1883 613 1924 pertransiero,

235 1931 289 1964 Ne
309 1940 363 1963 me
389 1931 559 1975 despicias,

284 1981 419 2013 devotus
444 1979 590 2013 obsecro.

179 2039 210 2073 3.
239 2035 449 2078 Congaudens
473 2038 588 2070 intime

283 2085 549 2128 perfectionibus,

236 2135 326 2175 Tuis,
352 2135 410 2168 has
437 2134 534 2168 effero

285 2183 337 2215 his
361 2183 397 2216 'm
422 2183 628 2225 carminibus,

237 2231 358 2272 Quibus
382 2235 416 2264 te
440 2241 578 2265 veneror

288 2289 359 2312 cum
386 2280 506 2314 Christi
532 2280 693 2322 plebibus,

239 2327 367 2360 Devote
391 2329 526 2370 gloriam

287 2380 376 2409 tuam
401 2377 640 2418 quaerentibus.

872 1243 905 1277 4.
931 1238 1033 1275 Dotes
1058 1241 1093 1272 in
1120 1250 1256 1281 corpore

981 1293 1072 1323 tenes
1099 1293 1132 1322 et
1156 1290 1275 1333 anima,

935 1337 982 1371 Ut
1005 1339 1061 1379 pie
1085 1338 1258 1378 praedicat

981 1390 1086 1419 mater
1113 1387 1262 1431 ecclesia,

931 1435 1006 1468 Hoc
1030 1435 1147 1468 suadet
1170 1436 1267 1477 ratio,

979 1483 1100 1525 probat
1124 1484 1261 1516 scientia

932 1531 1111 1565 Doctorum
1135 1532 1277 1565 maxime

981 1581 1046 1614 Dei
1072 1581 1253 1614 clementia.

874 1641 906 1674 5.
934 1635 998 1679 Eja
1021 1638 1168 1672 fidelium

981 1691 1109 1720 turmae
1133 1688 1305 1729 accurrite,

933 1736 1149 1777 Impedientia

982 1790 1099 1819 cuncta
1123 1785 1268 1828 abjicite,

932 1833 1056 1868 Beatae
1080 1835 1200 1877 virgini

982 1893 1108 1916 mecum
1133 1884 1294 1917 concinite

935 1931 1068 1966 Laudes
1092 1932 1244 1966 hilariter

986 1985 1018 2014 et
1041 1983 1090 2015 ita
1116 1982 1233 2015 dicite:

877 2040 908 2073 6.
934 2036 1023 2074 Fons
1049 2049 1110 2073 ave
1135 2041 1272 2082 gratiae,

984 2098 1045 2122 ave
1068 2090 1235 2130 millesies,

941 2136 1039 2178 Cujus
1064 2138 1266 2178 praeclarius

985 2186 1176 2227 resplendet
1206 2185 1318 2231 facies,

937 2232 1103 2266 Dilectum
1127 2234 1231 2267 filium

985 2282 1080 2315 nobis
1105 2283 1279 2326 propities,

936 2330 1001 2363 Per
1027 2331 1139 2371 culpas
1165 2330 1284 2365 frivole

985 2379 1111 2413 laesum
1135 2380 1332 2421 muliplices.
