1656 2674
187 122 219 156 3.
243 124 343 162 Quem
368 131 445 155 vere
471 121 626 155 confiteor

293 171 456 203 hominem
482 173 513 201 et
537 170 653 213 Deum,

247 218 289 251 Et
312 219 448 252 laudare
471 218 588 251 molior

296 267 489 300 salvatorem
513 275 629 304 meum,

248 315 296 348 Te
323 314 438 348 devote
465 315 624 354 deprecor

293 363 375 404 Ejus
400 362 491 395 solve
515 372 616 399 reum,

246 410 304 445 Uti
329 409 404 444 fiam
432 411 560 452 dignior

294 459 351 492 Aa
374 459 576 492 laudandum
602 469 684 492 cum.

186 519 218 550 4.
248 518 308 557 Qui
335 520 384 549 est
407 518 568 558 sapientia

297 566 414 606 patris,
442 567 496 606 qui
523 567 645 599 creavit

248 613 374 648 Cuncta
399 615 588 648 exsistentia

296 662 442 704 beneque
468 663 605 698 ornavit,

253 711 315 751 Qui
340 711 525 745 obedientia

296 769 357 793 sua
380 761 549 802 reparavit

248 808 432 847 Hominem,
459 810 580 842 astutia

700 24 961 60 -164‘

884 123 916 156 7.

297 857 400 890 hostis
426 866 520 898 quem
544 858 732 898 prostravit.

191 918 221 948 5.
250 915 311 948 tui
333 915 570 956 plenitudinem

298 972 376 995 suae
400 964 579 1003 majestatis

254 1012 352 1044 Pater
378 1014 409 1043 et
437 1012 640 1044 dulcedinem

298 1062 445 1100 praestet
467 1060 634 1096 honitatis,

251 1112 321 1149 Qua
346 1109 595 1142 amaritudinem

300 1157 396 1190 tollat
420 1166 440 1190 a
464 1157 614 1196 turbatis,

250 1206 379 1247 Detque
404 1205 629 1239 fortitudinem

300 1263 397 1287 carne
421 1254 603 1288 infirmatis,

193 1314 225 1348 6,
254 1313 316 1354 Qui
341 1316 500 1354 paternae
525 1314 649 1355 gloriae

299 1362 455 1402 splendor
479 1363 675 1404 nominatur,

255 1416 322 1451 Quo
348 1410 462 1443 matris
489 1412 645 1444 ecclesiae

301 1459 395 1500 plebs
419 1459 631 1497 illuminatur,

252 1508 347 1542 Pacis
373 1512 406 1540 et
432 1509 625 1541 concordiae

301 1556 416 1589 foedus
441 1561 623 1598 reparatur.

252 1605 391 1638 Hostilis
416 1606 561 1639 malitiae

298 1655 438 1696 impetus
463 1655 607 1689 sedatur.

168 1798 224 1831 11.
252 1797 313 1838 Qui
338 1797 446 1830 lumen
474 1797 514 1829 de
539 1797 660 1829 lumine

306 1849 356 1878 est
380 1855 400 1877 a
423 1849 519 1887 patre
543 1849 649 1887 natus,

257 1894 357 1934 Cujus
382 1895 603 1927 coruscamine

944 121 1044 161 Quem
1068 121 1173 153 lucem
1199 121 1355 153 ecclesiae

991 168 1086 201 stilus
1112 168 1259 201 veritatis

943 216 1098 259 Figuram
1124 216 1325 249 substantiae

994 265 1110 297 scribit
1133 266 1250 297 summi
1273 265 1389 305 patris,

944 313 1025 350 Nos,
1045 316 1151 346 mater
1178 314 1378 354 clementiae,

991 365 1097 395 mater
1121 362 1264 403 pietatis,

944 409 1116 452 Configura
1145 412 1268 453 gloriae

994 461 1063 501 ejus
1090 468 1162 492 curn
1184 460 1299 496 beatis.

911 546 918 553 .
945 518 1005 558 Qui
1030 519 1167 551 verbum
1194 519 1390 553 describitur

991 568 1026 600 in
1052 568 1224 609 theologia,

945 615 1013 655 Quo
1038 625 1100 656 per
1122 621 1251 657 patrem
1278 618 1429 650 conditur

991 665 1093 697 nundi
1116 665 1294 699 harmonia.

943 712 1166 754 Ejusdemque
1190 714 1314 755 regitur

994 764 1065 794 tota
1087 763 1285 803 monarchia,

947 808 1024 842 Sine
1049 819 1111 850 quo
1137 809 1346 844 confunditur

994 858 1098 890 multa
1125 858 1290 891 discrasia.

887 917 920 949 9.
941 915 1005 955 Qui
1029 925 1050 947 a
1072 919 1168 956 patre
1192 917 1320 957 genitus

866 1314 923 1348 10.

301 1944 441 1976 mundus
468 1947 516 1975 est
541 1943 708 1984 lustratuS,

254 1993 284 2024 A
310 1991 411 2024 multo
439 1991 626 2024 discrimine

304 2040 398 2073 homo
423 2040 592 2079 liberatus,

869 2003 925 2037 13.

256 2089 430 2130 Postquam
456 2093 504 2121 est
530 2087 736 2121 fraudamine

306 2137 471 2170 daemonis
496 2142 690 2179 prostratur.

172 2196 228 2229 12.
255 2196 326 2238 Qui,
351 2199 388 2228 ut
412 2196 532 2229 Paulus
557 2197 738 2237 praedicat,

303 2244 408 2276 virtus
435 2247 543 2278 exstat
568 2245 685 2284 Patris,

257 2292 335 2325 Cum
362 2301 425 2334 qua
449 2294 618 2333 sphaeram
646 2292 788 2326 fabricat

302 2341 534 2382 universitatis,

995 964 1030 996 in
1055 965 1258 1001 aeternitate,

950 1011 1007 1044 Cui
1032 1013 1175 1054 aequalis
1198 1015 1327 1054 penitus

997 1063 1049 1093 est
1073 1062 1254 1097 divinitate.

947 1109 979 1142 A
1005 1110 1120 1151 quibus
1147 1114 1180 1143 et
1204 1112 1338 1152 spiritus

997 1159 1030 1191 in
1056 1159 1253 1200 aequalitate

949 1206 1104 1240 Procedit
1130 1208 1296 1246 divinitus,

998 1257 1114 1296 plenus
1140 1256 1293 1290 bonitate.

953 1313 1051 1355 Cujus
1077 1316 1237 1348 emanatio

996 1364 1037 1396 ab
1063 1367 1196 1398 aeterno
1221 1368 1317 1405 patre

947 1410 1069 1445 Fertur
1092 1414 1258 1454 generatio

997 1461 1031 1493 in
1057 1461 1239 1499 divinitate,

949 1510 1016 1543 Sed
1040 1507 1135 1542 flatus
1161 1512 1338 1552 processio.

996 1561 1035 1590 ut
1057 1558 1092 1591 in
1116 1561 1256 1592 veritate

948 1606 1055 1640 Docet
1079 1616 1174 1641 sacra
1194 1608 1305 1650 lectio,

1000 1655 1039 1689 fit
1063 1666 1083 1688 a
1107 1657 1283 1691 voluntate.

952 1798 1056 1832 Prece
1081 1803 1139 1832 tua
1163 1800 1311 1841 porrigat

999 1857 1129 1880 manum
1151 1848 1293 1888 pietatis,

952 1895 1015 1928 His
1040 1905 1119 1936 quos
1143 1897 1240 1929 nimis
1266 1897 1370 1939 agitat

1000 1946 1049 1977 iis
1076 1945 1295 1979 adversitatis.

953 2003 1013 2043 Qui
1038 2006 1185 2036 nostrum
1210 2005 1409 2046 principium

1001 2055 1052 2084 est
1072 2052 1108 2084 in
1133 2053 1306 2089 creatione,

953 2099 1076 2133 Salutis
1099 2101 1227 2133 initium

1002 2149 1036 2180 in
1062 2149 1288 2189 redemptione

952 2197 1003 2229 Ac
1026 2196 1115 2229 vitae
1139 2197 1292 2229 solatium

1003 2244 1195 2285 eruditione,

956 2292 1088 2326 Gloriae
1113 2293 1312 2333 stipendium

1002 2341 1225 2375 retributione.
