1656 2674
160 157 192 189 3.
219 157 266 189 Te
291 156 394 197 patris
420 154 526 188 fateor

268 204 392 237 aeterni
417 203 529 244 filium,

219 252 279 293 Qui
304 256 338 285 te
362 251 570 293 sequentibus

268 300 395 334 confers
420 301 609 343 remedium,

218 349 295 383 Sine
321 349 523 382 cunctamine

265 401 413 438 praestes
439 397 594 430 auxilium

215 445 391 487 Linquenti
415 446 564 487 protinus

263 494 378 527 mundi
402 494 560 527 exsilium.

157 573 189 606 4.
216 570 360 604 Verbum
384 571 418 603 in
443 571 569 612 virgine

266 628 396 652 carnem
421 619 611 660 suscipiens,

215 669 285 709 Qua
308 668 421 700 mundi
447 668 573 700 scelera

264 716 390 750 solvisti
413 716 565 756 moriens,

215 764 310 806 Mihi,
337 767 371 797 te
397 765 564 806 deprecor,

263 816 333 846 esto
357 813 566 857 compatiens,

216 861 296 901 Quia
319 862 526 902 persequitur

261 918 313 942 me
336 910 437 942 hostis
463 910 619 942 saeviens.

156 988 186 1021 5.
216 986 291 1019 Tibi
314 985 478 1028 confiteor,

263 1043 280 1068 ο
306 1044 364 1067 rex
387 1034 543 1077 justitiae,

215 1082 391 1116 Commissa
419 1084 544 1116 scelera

260 1140 353 1164 meae
378 1131 548 1172 stultitiae,

214 1179 302 1219 Quae
326 1180 367 1212 ab
393 1180 486 1212 initio

261 1228 346 1269 gessi
369 1226 527 1260 infantiae

212 1278 263 1308 Ac
288 1279 363 1316 post
384 1285 444 1316 per
468 1279 616 1317 tempora

261 1324 509 1358 adolescentiae.

154 1403 184 1435 6.
211 1401 338 1441 Nempe
363 1401 518 1441 superbia

259 1450 371 1490 lapsus
395 1450 534 1492 initium,

211 1498 348 1539 Torp0r‚
375 1498 544 1539 ingluvies,

260 1547 430 1588 carnisque
455 1547 580 1588 vitium,

211 1595 276 1637 Ira,
305 1594 477 1636 cupiditas,

258 1644 342 1676 livor
368 1645 400 1676 et
425 1644 533 1676 odium

209 1691 290 1733 Legi
314 1701 366 1724 1116
393 1692 604 1733 comprobant

258 1743 333 1773 tuae
359 1741 565 1775 contrarium.

151 1813 181 1846 7.
211 1812 304 1852 Olim,
333 1821 415 1853 quae
441 1812 579 1846 dederas

256 1861 411 1894 mandata
437 1862 579 1906 populis,

210 1909 403 1951 Conscripta
429 1910 528 1951 digito

257 1961 311 1991 tuo
336 1959 370 1991 in
396 1958 526 1999 tabuliS,

210 2005 275 2040 Sed
302 2009 334 2038 et
360 2007 516 2040 ecclesiae

256 2057 450 2096 patrumque
475 2057 606 2098 regulis,

208 2105 293 2137 Meis
319 2106 540 2146 transgressus
565 2114 636 2138 sum

256 2153 381 2194 magnis
406 2153 555 2194 piaculis.

149 2225 181 2258 8.
207 2225 446 2259 Incontinentia

255 2282 399 2307 meorum
420 2284 570 2308 sensuum

207 2323 264 2355 Me
290 2331 380 2356 reum
405 2324 521 2357 statuit

254 2371 429 2406 multorum
456 2373 635 2412 criminum,

707 56 951 90 -42-

856 795 909 828 10.

853 1211 911 1244 11.

851 1621 907 1654 12.

851 2034 906 2067 13.

942 152 1081 186 Excessi
1106 151 1267 192 siquidem

992 209 1053 243 per
1079 199 1191 240 culpas
1217 202 1372 241 tactuum,

943 249 1092 283 Olfactus
1118 248 1281 290 visusque,

990 300 1101 340 gustus
1129 299 1161 329 et
1187 298 1323 333 aurium¹

940 376 1109 409 Justorum
1135 375 1315 416 praemium

990 427 1088 465 atque
1112 423 1286 467 possessio,

939 473 1000 513 Qui
1026 475 1059 505 et
1088 473 1267 514 promissor
1291 481 1325 505 es

989 523 1088 562 atque
1109 521 1295 565 promissio,

939 571 1032 603 Haec
1055 579 1141 603 nunc
1166 568 1310 603 sufficiat

989 628 1093 660 parva
1119 617 1291 658 confessio,

940 668 1010 708 Qua
1033 676 1086 700 me
1109 668 1257 700 totaliter

986 715 1050 749 tibi
1075 715 1223 756 subjicio.

938 793 1002 826 Per
1027 795 1061 825 te
1082 793 1239 826 restituar

986 841 1125 883 pristino
1151 841 1279 883 gradu1,

938 893 1037 930 Quem
1062 890 1097 922 in
1121 889 1297 922 virtutibus
1350 903 1356 909 -

987 938 1064 971 olim
1089 938 1235 978 restinui,

938 988 969 1019 A
996 996 1058 1028 quo
1084 989 1164 1020 tunc
1189 985 1303 1028 cecidi,

989 1044 1060 1068 cum
1085 1034 1169 1069 cessi
1193 1034 1298 1067 aestui

941 1083 1233 1124 Concupiscentiae

985 1135 1018 1164 et
1041 1131 1146 1164 hostis
1171 1131 1266 1164 astui.

937 1209 1051 1250 AdsiS,
1076 1208 1248 1247 EmanueL

987 1265 1081 1299 quem
1107 1265 1237 1297 semper
1264 1264 1410 1298 veneror,

935 1306 976 1338 In
1003 1306 1092 1346 cujus
1117 1304 1184 1338 fide
1211 1307 1243 1338 et,

985 1354 1113 1387 nomine
1139 1354 1272 1395 glorior,

937 1402 1072 1442 Quando
1097 1403 1130 1435 in
1160 1410 1296 1443 empore

982 1453 1136 1492 peccator
1160 1450 1293 1490 morior,

935 1499 1017 1532 Esto
1043 1499 1229 1532 misericors

982 1551 1060 1582 tunc
1084 1547 1176 1589 mihi,
1205 1549 1374 1588 deprecor.

935 1621 1024 1660 Quae
1047 1630 1108 1661 pro
1134 1620 1254 1653 viatico

984 1671 1060 1702 sunt
1081 1669 1277 1709 necessaria,

933 1716 1001 1750 Des
1026 1720 1093 1758 tua,
1121 1719 1282 1759 supplico,

982 1765 1220 1808 misericordia,

935 1814 1028 1848 Tunc
1050 1824 1122 1848 cum
1150 1814 1307 1849 defecerit

982 1865 1100 1896 mentis
1128 1863 1304 1906 industria,

934 1912 999 1946 Per
1024 1922 1120 1953 quam
1144 1913 1316 1956 proficere,

983 1970 1113 2003 possem
1141 1962 1177 1994 in
1202 1963 1317 2004 gratia.

935 2034 1004 2067 Tuo
1030 2035 1186 2068 adventui

982 2092 1046 2124 1116,
1071 2092 1202 2125 quaeso,
1228 2093 1404 2127 praepara,

935 2131 988 2164 Da
1012 2133 1092 2165 mihi
1122 2134 1263 2175 gratiam

984 2181 1135 2214 relaxans
1167 2183 1304 2224 scelera,

936 2228 991 2261 Sic
1016 2230 1080 2262 tuis
1105 2231 1232 2265 meritis

983 2279 1071 2319 patri
1098 2278 1307 2323 confoedera,

935 2326 1083 2360 Tandem
1108 2331 1185 2369 post
1209 2330 1333 2363 obitum

983 2374 1071 2409 feras
1097 2376 1141 2410 ad
1167 2379 1311 2411 aethera.
