1656 2674
111 110 166 144 10.
193 110 246 143 Ex
272 120 404 152 quarum
431 111 567 143 traduce

105 511 161 544 11.

103 976 159 1008 12.

101 1377 156 1411 13.

97 1779 152 1814 14.

97 2181 153 2215 15.

242 160 348 191 cuncti
372 159 535 203 progeniti

190 207 307 239 Multis
331 207 471 239 miseriis

238 256 352 288 mundi
375 259 453 287 sunt
477 254 592 295 dediti,

187 303 233 335 Et
258 306 363 336 morte
384 304 519 344 insuper

238 352 343 384 carnis
369 354 445 384 sunt
472 352 583 396 debiti,

190 398 291 439 Quam
316 409 376 432 nec
402 400 521 441 eripuit

232 457 320 481 mors
344 449 511 490 unigeniti.

188 511 336 553 Namque
363 512 528 544 decretum
556 515 603 545 est

234 559 433 601 inviolabile,

186 608 279 649 Quod
303 618 421 641 numen
449 609 595 642 condidit

234 657 475 699 inexplicabile,

187 704 232 738 Ut
258 714 374 746 corpus
400 706 550 747 hominis,

230 755 375 794 ,iumento
400 754 505 788 simile

185 801 321 834 Factum
345 812 406 844 per
429 803 519 845 vitia,

233 851 275 883 sit
303 851 503 885 dissolubile.

242 926 365 964 Caput
384 926 601 956 secundum.

186 975 331 1017 Recepta
354 977 455 1017 igitur

233 1025 348 1057 mentis
377 1026 556 1058 constantia

185 1072 279 1105 Hanc
306 1073 416 1106 dicens
442 1074 526 1106 adii:

231 1130 291 1154 ave
314 1122 414 1161 plena
438 1123 563 1167 gratia3

185 1168 259 1202 Non
283 1170 363 1202 mihi
388 1175 517 1211 reputes

231 1227 290 1258 pro
321 1220 514 1258 pervicacia.

182 1266 273 1307 Quod
299 1276 381 1308 pura
406 1268 505 1299 animi

235 1315 340 1347 dicam
365 1313 493 1348 fiducia.

182 1376 236 1410 Ex
259 1378 511 1418 precedentibus

230 1426 320 1459 hisce
346 1428 493 1468 conjicio,

182 1475 272 1515 Quod
301 1475 397 1516 digna
421 1480 526 1509 mater
551 1478 595 1510 515

230 1527 361 1556 aeterno
387 1523 467 1557 filio.

184 1571 282 1612 Cujus
307 1573 446 1605 redemit
471 1582 522 1606 1101

229 1630 341 1654 amara
365 1622 486 1663 passio,

180 1668 233 1701 Ab
259 1668 415 1703 ineffabili

227 1716 348 1751 inferni
376 1720 494 1755 crucio.

180 1780 237 1813 Me
263 1790 358 1821 quam
386 1783 561 1823 existimas,

227 1838 306 1871 sum,
334 1840 409 1863 nam
435 1840 455 1863 a
480 1833 608 1866 saeculo

179 1877 268 1911 Deus
294 1880 496 1919 providerat,

227 1930 264 1959 ut
289 1928 323 1960 in
348 1928 505 1968 oppidulo

180 1975 351 2008 Portarem
375 1977 462 2009 uteri

225 2023 283 2057 abs
311 2024 417 2057 earnis
442 2027 597 2060 scandalo

180 2071 286 2113 Hunc,
314 2074 369 2114 qui
395 2076 617 2113 peccaminum

227 2130 284 2154 vos
310 2122 407 2154 solvit
434 2124 571 2157 vinculo.

181 2181 246 2214 Sed
270 2183 328 2216 ille
353 2187 503 2225 quoniam

226 2233 339 2265 mundi
365 2234 513 2267 exsilium

178 2278 244 2311 Per
268 2289 318 2312 nie
343 2281 517 2316 intraverit

229 2330 262 2360 et
285 2338 345 2368 per
370 2332 457 2371 quod
480 2333 639 2372 proelium

656 12 802 47 ——72

807 332 862 366 16.

802 753 857 786 17.

800 1166 858 1199 18.

799 1581 856 1614 19.

894 108 961 144 Ubi
986 108 1176 149 praebuerit

941 159 1027 190 vitae
1051 157 1218 190 auxilium.

890 207 988 239 Patet
1013 206 1196 246 legentibus

938 264 999 295 per
1026 254 1240 296 evangelium.

889 332 1005 364 Restat
1030 340 1116 364 nunc
1142 330 1283 364 referam

939 381 1138 413 enucleatius

889 429 976 470 Tibi,
1002 428 1115 472 filiole,

938 478 978 511 <le
1004 478 1054 510 his
1081 477 1279 512 nominibus.

889 527 977 566 Quae
1002 526 1094 567 prius
1122 527 1251 560 videras

936 576 970 608 in
998 576 1243 609 characteribus

885 623 1033 665 Linguae
1059 624 1254 666 Hebraicae,

937 674 1028 714 cujus
1055 682 1088 706 es
1111 674 1244 707 inscius.

886 751 1004 784 Latino
1029 752 1132 793 igitur

933 800 967 833 in
991 800 1148 833 idiomate

885 849 1007 881 Tecum
1031 858 1118 882 nunc
1144 850 1312 891 colloquar

933 897 996 931 hoc
1021 899 1055 931 in
1081 902 1240 942 poemate,

883 946 930 980 Ut
954 947 989 979 in
1014 947 1225 988 sequentibus

930 997 1027 1036 scias,
1053 1006 1119 1037 quo
1143 997 1293 1038 dogmate

882 1043 1012 1077 Debeas
1039 1044 1174 1086 obsequi

933 1093 1013 1125 mihi
1039 1103 1078 1126 ac
1102 1098 1262 1127 neumate.

884 1165 941 1199 Me
966 1167 1043 1199 olim
1070 1168 1198 1200 creduli

930 1215 1178 1250 misericordiae

882 1264 1023 1297 Matrem
1052 1264 1192 1299 confessi
1218 1270 1303 1305 511111,

930 1314 1022 1354 pacis
1049 1317 1081 1346 et
1106 1314 1241 1357 gratiae,

883 1361 914 1394 A
940 1362 1056 1402 quibus
1081 1363 1196 1403 pepuli

929 1411 1034 1443 nubes
1059 1412 1253 1451 moestitiae,

883 1459 1060 1493 Praestans
1085 1461 1121 1494 in
1144 1460 1214 1494 filio

932 1509 1018 1541 dona
1041 1510 1199 1543 laetitiae.

883 1580 961 1615 Sum
988 1591 1109 1624 sponsa
1135 1584 1255 1615 etenim

932 1632 1058 1664 aeterni
1083 1632 1230 1673 spiritus,

882 1679 944 1718 Qui
969 1679 1215 1714 obumbramine

930 1738 988 1761 suo
1013 1738 1066 1762 me
1093 1730 1240 1764 coelitus.

881 1776 1039 1810 Messiam
1062 1787 1183 1820 parere

931 1824 1011 1858 fecit
1035 1826 1234 1870 humanitus,

882 1875 943 1915 Qui
967 1874 1032 1908 Dei
1056 1884 1212 1917 meusque

931 1926 979 1956 est
1004 1925 1201 1967 unigenitus.

847 2022 854 2030 .
882 1996 980 2030 Unde
1006 2001 1039 2031 et
1064 2000 1192 2032 vocitor

932 2055 951 2078 a
976 2047 1094 2087 priscis
1120 2048 1271 2090 patribus

883 2094 986 2128 Sacra
1009 2096 1188 2136 theotocos,

930 2153 1007 2176 nam
1033 2145 1087 2178 dei
1107 2145 1196 2179 filius

882 2190 982 2224 Nasci
1011 2193 1188 2235 dignitatus
1216 2198 1264 2228 est

928 2241 1009 2273 meis
1035 2243 1228 2279 visceribus,

883 2288 927 2322 Ut
954 2289 1015 2322 tibi
1037 2292 1136 2324 retuli

928 2339 1027 2377 paulo
1046 2341 1205 2380 superius.
