1656 2674
158 304 215 338 81.

156 728 212 762 82.

157 1156 216 1190 83.

161 1585 217 1618 84.

164 2013 220 2046 85.

703 45 945 82 *96-

243 301 368 340 Gaude,
395 301 485 333 sidus
511 299 638 332 radium

287 347 462 382 Proferens
487 348 682 387 mirandum,

242 398 378 437 Quando
402 397 492 437 paris
519 395 620 429 filium

290 445 422 479 Cunctis
448 445 679 487 venerandum,

240 493 338 528 Hunc
361 496 437 525 ante
458 493 615 533 judicium

289 542 404 575 Mitem
431 541 485 574 fac
510 545 542 573 et
567 540 734 581 blandum,

240 590 292 624 Ne
317 598 368 623 me
392 593 529 632 propter
554 590 668 622 vitium

289 638 421 673 Judicet
448 638 675 672 damnandum.

241 725 365 767 Gaude,
393 727 485 769 virga
508 727 631 763 Aaron,

289 775 423 809 Florem
450 775 530 808 <lans
559 775 723 816 decorum,

243 825 411 859 Canticum
438 824 490 857 cui
513 824 666 857 Salomon

291 872 388 907 Canii:
412 873 620 909 canticorum,

239 922 361 955 Fantes
387 922 448 954 hoc
473 921 719 962 tetrastrophon

291 969 477 1003 Car-minum
500 973 641 1011 tuorum,

238 1019 359 1059 Ducas‚
387 1028 404 1051 o
430 1020 612 1059 theotocon,

287 1067 327 1099 in
352 1076 487 1108 regnum
514 1067 687 1101 coelorum.

244 1154 369 1199 Gaude,
395 1154 632 1187 nobilissimum

289 1203 397 1236 Decus
425 1202 583 1236 castitatis

241 1252 338 1286 Vitae
362 1254 473 1284 rectae
498 1252 676 1292 speculum,

291 1300 370 1333 Flos
396 1300 577 1340 suavitatis,

247 1349 362 1382 Deleas
388 1348 552 1389 piaculum

294 1397 436 1430 Nostrae
461 1398 645 1439 pravitatis,

243 1447 387 1487 Jungens
410 1448 486 1487 post
510 1447 572 1479 hoc
597 1447 762 1480 saeculum

291 1494 360 1528 Nos
385 1495 651 1535 praedestinatis.

246 1583 371 1624 Gaude,
397 1583 496 1623 plena
520 1583 635 1627 gratia,

293 1632 392 1674 Virgo
418 1631 603 1673 singularis,

246 1679 321 1713 Non
345 1689 445 1722 passa
468 1680 631 1719 incendia,

293 1729 387 1762 Rubo
415 1737 497 1771 quae
521 1730 670 1771 signaris,

246 1777 332 1811 Nato
358 1778 536 1811 reconcilia

292 1826 371 1869 Nos,
399 1836 417 1859 o
443 1827 540 1861 stella
563 1828 673 1871 maris,

248 1875 384 1916 Semper
410 1885 504 1917 quem
528 1877 562 1908 in
587 1877 692 1917 gloria

294 1923 399 1957 Laeta
423 1924 611 1965 specularis,

249 2012 373 2053 Gaude,
400 2021 461 2052 per
486 2020 582 2052 quam
607 2011 747 2045 servitus

295 2060 445 2093 Hominis
471 2058 592 2100 finitur,

247 2109 293 2141 Et
314 2109 450 2142 libertas
480 2109 614 2149 spiritus

296 2157 366 2198 Ipsi
391 2158 589 2199 impertitur,

250 2205 376 2239 Inimici
401 2204 549 2239 fremitus

297 2254 363 2286 Per
388 2256 421 2286 ‘te
445 2255 633 2295 impeditur,

251 2302 318 2342 Quo
343 2312 402 2335 nos
428 2306 465 2335 ut
489 2303 665 2345 antiquitus

299 2350 445 2384 Perdere
471 2351 614 2385 molitur.

792 201 855 236 III.

860 299 916 332 86.

863 1583 918 1616 89.

867 2012 923 2044 90.

946 296 1070 338 Gaude,
1097 297 1202 328 mater
1226 295 1341 328 inclita

990 344 1122 378 Domini
1147 344 1300 385 Messiae‚

945 392 1046 432 Quam
1071 402 1132 434 per
1155 393 1386 426 melodiamata

990 442 1096 482 Hujus
1122 442 1334 483 symphoniae

945 489 1069 530 Laudo,
1096 491 1178 523 haec
1202 494 1353 531 poemata

993 539 1068 572 Tibi
1093 538 1200 573 fantes
1225 539 1280 581 pie

942 587 1052 621 Dueas
1077 589 1120 622 ad
1144 589 1306 630 agalmata

991 637 1079 671 Coeli
1104 638 1317 671 hierarchiae.

908 752 914 758 .
944 723 1067 764 Gaude,
1094 725 1186 766 virga
1210 723 1380 766 proferens

991 773 1124 806 Florem
1148 773 1219 806 sine
1242 783 1327 812 rore,

943 821 1153 862 Tandemque
1177 823 1361 862 parturiens

992 871 1151 903 chtum
1174 870 1246 903 sine
1267 879 1368 911 more,

944 919 1051 959 Ipsius
1077 918 1225 952 reficiens

993 967 1045 1000 Sis
1068 977 1123 1000 me
1146 967 1200 999 vel
1224 966 1335 1008 odore,

944 1017 983 1051 In
1010 1016 1101 1057 cujus
1128 1014 1282 1049 deficiens

984 1065 1136 1106 Langueo
1162 1072 1281 1097 amore.

910 1180 917 1187 .
945 1151 1071 1194 Gaude,
1099 1151 1276 1185 consolatio

992 1201 1070 1233 Mea
1092 1200 1278 1242 singularis,

944 1249 1032 1289 Quae
1057 1249 1117 1282 sub
1144 1255 1199 1283 tuo
1224 1247 1293 1281 filio

995 1298 1126 1332 Cunctis
1151 1297 1362 1339 principaris,

944 1348 1001 1381 Me
1024 1356 1097 1379 cum
1124 1346 1335 1380 contubernio

995 1396 1072 1428 Meo
1098 1395 1220 1428 tuearis

946 1443 1086 1478 Coelesti
1111 1444 1290 1485 praesidio,

996 1493 1063 1533 Quo
1091 1496 1127 1525 tu
1154 1493 1343 1527 vallabaris.

948 1580 1073 1619 Gaude,
1101 1590 1222 1622 sponsa
1246 1580 1366 1613 nobilis

996 1630 1160 1671 Principis
1185 1630 1334 1672 Assueri,

948 1679 1081 1714 Cunctis
1107 1688 1220 1712 carens
1246 1677 1393 1719 maculis,

995 1729 1106 1761 Mater
1128 1728 1194 1761 Dei
1218 1727 1299 1767 veri,

947 1777 1009 1811 His
1031 1786 1085 1810 me
1109 1777 1244 1810 laudum
1268 1777 1373 1809 titulis

996 1827 1067 1860 Fac
1092 1836 1144 1858 me
1168 1826 1361 1867 promereri,

948 1875 994 1910 Ut
1021 1884 1093 1908 cum
1119 1875 1183 1909 tuis
1210 1874 1342 1908 famulis

998 1925 1119 1965 Queam
1143 1924 1318 1958 recenseri.

953 2011 1078 2057 Gaude,
1106 2012 1278 2046 salutifera

1001 2061 1120 2105 Stirps‚
1149 2071 1213 2104 qua
1237 2062 1442 2095 medicamen

950 2110 1059 2155 Venit,
1088 2120 1150 2151 quo
1177 2120 1268 2144 mens
1294 2112 1416 2144 misera

999 2159 1133 2199 Recipit
1154 2160 1310 2200 solamen,

949 2206 1056 2242 Aufer
1081 2216 1154 2240 mea
1179 2208 1305 2240 scelera

1001 2256 1107 2288 Tuum
1132 2264 1194 2296 per
1218 2265 1406 2300 precamen,

952 2303 1164 2345 Tandemque
1190 2306 1233 2338 ad
1256 2307 1392 2340 aethera

1000 2352 1075 2385 Duc
1098 2362 1151 2385 me
1176 2355 1293 2387 tecum.
1321 2358 1437 2392 Amen.
