1656 2674
673 78 941 114 —146—

219 178 381 217 Impetum
404 176 586 208 satanicum

270 225 339 257 Tuo
365 233 424 266 pro
452 224 573 256 honore

220 272 325 306 Aufer
351 277 382 305 et
405 271 611 304 barbaricum

267 321 331 353 Suo
357 329 427 352 eum
454 318 574 352 furore.

135 379 191 412 21.
221 375 532 412 Xristianizantibus

271 426 349 459 Cum
378 425 560 467 devotione,

220 474 392 514 oppressis
419 473 459 505 ab
483 473 631 506 hostibus

270 521 507 561 Persecutione‚

218 570 343 603 Adesto
370 570 506 602 celerius

269 618 349 652 Cum
371 617 585 650 subventione

220 666 271 698 Ne
298 667 416 699 cadant
444 666 634 706 corporibus

268 713 504 747 Interneeione.

134 773 191 806 22.
220 769 321 806 Ymni
346 773 442 811 hujus
471 772 613 804 carmine

266 820 341 853 Tibi
369 819 574 860 famulantes,

836 484 892 516 23.

919 175 986 208 Sed
1011 172 1120 206 adhue
1143 172 1178 203 in
1203 169 1335 203 turbine

968 220 1088 255 Mundi
1113 220 1340 260 pervagantes,

921 271 1034 303 Soluta
1058 267 1235 308 putredine

970 316 1104 351 Carnali
1128 316 1300 356 laetantes

919 367 1025 399 Deum
1051 365 1119 397 sint
1142 364 1177 396 in
1204 362 1345 395 culmine

968 414 1057 447 Coeli
1083 412 1319 445 collaudantes

922 479 1001 516 Zelo
1028 480 1090 514 Dei
1115 480 1269 520 praedita

970 531 1034 563 Per
1059 532 1226 560 aeternum
1252 526 1381 570 flamen,

921 578 989 618 Quo
1016 576 1110 610 fuisti
1136 576 1250 609 dedita

969 626 1052 667 Ejus
1077 625 1119 657 ad
1144 625 1330 664 laudamen,

923 674 1047 715 Culpae
1072 682 1165 705 meae
1192 673 1304 706 debita

969 723 1075 755 Tuum
1099 731 1159 762 per
1184 730 1359 762 precamen

924 770 1031 811 Solve,
1058 773 1091 802 ut
1118 774 1151 802 te
1175 771 1291 803 inclita

969 818 1084 852 Laude
1109 819 1250 853 laudem.
1301 819 1418 851 Amen.

211 886 293 914 Orat.
315 896 342 914 m
362 908 368 914 .
385 886 585 924 Teg1·in‘'ene
605 894 681 914 saec.
705 885 750 914 15.
769 886 833 914 Clm
857 885 975 913 Monac.
999 883 1099 914 19824
1118 885 1169 913 fol.
1193 883 1230 914 63
1252 887 1281 914 b.
1296 885 1332 913 A.
1345 902 1386 906 —
1401 885 1484 914 Orat.

132 936 187 954 mm
209 926 405 962 Tegunsznsr
430 933 477 953 sa«-
500 946 505 952 .
530 924 574 953 15.
598 923 666 953 clm,
693 926 809 953 Munac·
828 933 855 953 is
889 923 923 952 19
932 922 990 953 353
1011 925 1062 953 fol.
1083 922 1122 952 40
1143 933 1169 952 a.
1191 925 1225 953 B.

626 1036 676 1068 45.
716 1035 931 1069 Abeeedarius
954 1038 981 1069 5.

162 1119 193 1152 1.
221 1116 311 1153 Audi
337 1127 423 1152 nunc
445 1119 630 1160 praeconia,

267 1168 366 1208 Virgo
394 1167 578 1208 singularis,

219 1215 335 1253 Fanda
360 1216 422 1248 Dei
447 1216 553 1256 gratia

270 1264 349 1297 Odis
375 1264 425 1296 his
451 1264 630 1303 praeclaris

220 1312 298 1351 Quis
325 1316 356 1344 et
382 1312 422 1344 ab
450 1312 588 1344 ecelesia

270 1360 398 1401 Jugiter
422 1360 577 1403 laudaris,

219 1408 265 1440 Et
287 1409 403 1449 quibus
427 1412 461 1440 in
486 1409 591 1449 gloria

268 1456 405 1497 Semper
427 1457 629 1496 jucundaris.

158 1525 193 1557 2.
219 1520 426 1557 Balsamatus
452 1524 609 1568 hortulus,

270 1572 366 1604 Satus
390 1581 488 1604 manu
512 1572 586 1609 Dei*

218 1621 258 1653 In
281 1630 342 1661 quo
372 1621 474 1653 erevit
499 1620 652 1653 flosculus

269 1669 376 1701 Mirae
402 1669 534 1708 speciei,

218 1716 273 1749 Ad
299 1720 342 1755 te,
370 1721 486 1757 mater,
514 1719 625 1750 oculus

268 1764 379 1798 Stillat
406 1766 514 1798 cordis
540 1766 588 1798 rei

219 1814 268 1848 Ut
291 1823 353 1855 per
376 1818 410 1847 te
435 1814 479 1846 sit
504 1815 630 1847 loculus

272 1862 394 1896 Christi
419 1864 553 1905 requiei.

155 1932 190 1965 3.
221 1928 309 1965 Coeli
336 1932 499 1973 quondam
525 1932 689 1965 hortulum

267 1981 374 2014 Tuum
399 1984 595 2014 roraverunt

218 2029 264 2062 Et
288 2030 495 2071 praedictum
520 2028 690 2063 flosculum

269 2078 324 2111 Sic
349 2079 624 2120 germinaverunt,

218 2127 332 2160 Nubes
359 2136 485 2168 quoque
510 2128 663 2168 poculum

266 2176 371 2208 Dulce
394 2176 612 2216 stillaverunt,

219 2224 288 2263 Quo
313 2223 446 2256 fidelem
471 2224 627 2263 populum

266 2272 417 2305 Dulciter
441 2274 612 2311 paverunt.

151 2339 187 2372 4-
215 2335 405 2372 Domientes
429 2338 547 2369 misere

264 2386 338 2419 Suis
363 2387 398 2418 in
422 2385 576 2425 peccatis,

864 2243 893 2273 7.

919 1118 1039 1162 Mater,
1067 1119 1141 1150 leva
1167 1128 1308 1160 propere

971 1167 1075 1200 Manu
1100 1168 1245 1208 pietatis,

921 1215 991 1248 Hos
1019 1216 1164 1257 digneris
1187 1220 1320 1249 nectere

974 1264 1051 1296 Viae
1076 1264 1235 1305 veritatis,

921 1312 1061 1345 Valeant
1086 1316 1122 1344 ut
1149 1321 1283 1345 cernere

972 1361 1104 1394 Vultum
1131 1361 1273 1394 deitatis.

888 1453 895 1460 .
922 1424 969 1461 Et
992 1437 1064 1460 mea
1090 1426 1238 1461 facinora

973 1477 1075 1509 Preee
1101 1479 1218 1509 cuncta
1245 1477 1328 1517 dele,

922 1526 1012 1566 Quae
1037 1525 1123 1567 gessi
1144 1526 1266 1558 itinera

973 1574 1115 1607 Currens
1140 1574 1357 1616 corruptelae,

925 1622 1056 1654 Virtute
1081 1631 1133 1654 me
1159 1631 1278 1663 repara

977 1670 1134 1704 Coelestis
1159 1672 1318 1715 medelae,

923 1718 974 1751 Ne
998 1723 1149 1760 mergant
1172 1720 1207 1753 in
1232 1723 1358 1754 tartara

975 1768 1032 1801 Me
1057 1769 1160 1801 hostis
1187 1770 1348 1810 querelae.

892 1864 898 1871 .
925 1833 1018 1878 Fuga
1045 1845 1115 1869 oum
1141 1838 1290 1878 potentia

974 1885 1057 1918 Mali
1082 1894 1318 1929 persuasorem,

925 1933 977 1966 Ne
1002 1934 1110 1967 vineat
1136 1933 1271 1968 fallacia

972 1983 1079 2015 Tuum
1103 1983 1308 2018 laudatorem

924 2031 1047 2064 Mentis
1073 2031 1108 2063 in
1135 2033 1318 2065 constantia

973 2079 1049 2112 Sive
1073 2089 1134 2119 per
1159 2084 1335 2123 torporem,

923 2127 989 2160 Sed
1013 2137 1085 2161 cum
1110 2129 1293 2161 reverentia

971 2175 1079 2216 Digna
1103 2178 1136 2206 te
1160 2176 1325 2207 honorem.

924 2238 1059 2275 Gemma
1086 2241 1303 2273 continentiae

968 2287 1162 2320 Praeferens
1185 2288 1405 2330 splendorem,

918 2335 1020 2367 Matri
1047 2336 1127 2368 dans
1153 2337 1311 2369 ecclesiae

966 2382 1074 2415 Decus
1101 2386 1134 2414 et
1159 2383 1324 2424 honorem,
