<?xml version="1.0" encoding="UTF-8"?>
<!DOCTYPE html PUBLIC "-//W3C//DTD XHTML 1.0 Transitional//EN"
    "http://www.w3.org/TR/xhtml1/DTD/xhtml1-transitional.dtd">
<html xmlns="http://www.w3.org/1999/xhtml" xml:lang="en" lang="en">
 <head>
  <title>
</title>
<meta http-equiv="Content-Type" content="text/html;charset=utf-8" />
  <meta name='ocr-system' content='tesseract 3.04.00' />
  <meta name='ocr-capabilities' content='ocr_page ocr_carea ocr_par ocr_line ocrx_word'/>
</head>
<body>
  <div class='ocr_page' id='page_1' title='image "./analectahymnica06drevuoft_00183.png"; bbox 0 0 1656 2674; ppageno 0'>
   <div class='ocr_carea' id='block_1_1' title="bbox 136 311 192 345">
    <p class='ocr_par' dir='ltr' id='par_1_1' title="bbox 136 311 192 345">
     <span class='ocr_line' id='line_1_1' title="bbox 136 311 192 345; baseline -0.054 0"><span class='ocrx_word' id='word_1_1' title='bbox 136 311 192 345; x_wconf 84' lang='lat'>21.</span> 
     </span>
    </p>
   </div>
   <div class='ocr_carea' id='block_1_2' title="bbox 134 733 191 766">
    <p class='ocr_par' dir='ltr' id='par_1_2' title="bbox 134 733 191 766">
     <span class='ocr_line' id='line_1_2' title="bbox 134 733 191 766; baseline 0 -1"><span class='ocrx_word' id='word_1_2' title='bbox 134 733 191 766; x_wconf 82' lang='lat'>22.</span> 
     </span>
    </p>
   </div>
   <div class='ocr_carea' id='block_1_3' title="bbox 133 1159 189 1193">
    <p class='ocr_par' dir='ltr' id='par_1_3' title="bbox 133 1159 189 1193">
     <span class='ocr_line' id='line_1_3' title="bbox 133 1159 189 1193; baseline 0.036 -2"><span class='ocrx_word' id='word_1_3' title='bbox 133 1159 189 1193; x_wconf 83' lang='lat'>23.</span> 
     </span>
    </p>
   </div>
   <div class='ocr_carea' id='block_1_4' title="bbox 132 1586 186 1618">
    <p class='ocr_par' dir='ltr' id='par_1_4' title="bbox 132 1586 186 1618">
     <span class='ocr_line' id='line_1_4' title="bbox 132 1586 186 1618; baseline 0 -1"><span class='ocrx_word' id='word_1_4' title='bbox 132 1586 186 1618; x_wconf 78' lang='lat'>24.</span> 
     </span>
    </p>
   </div>
   <div class='ocr_carea' id='block_1_5' title="bbox 131 2012 185 2044">
    <p class='ocr_par' dir='ltr' id='par_1_5' title="bbox 131 2012 185 2044">
     <span class='ocr_line' id='line_1_5' title="bbox 131 2012 185 2044; baseline 0 -1"><span class='ocrx_word' id='word_1_5' title='bbox 131 2012 185 2044; x_wconf 83' lang='lat'>25.</span> 
     </span>
    </p>
   </div>
   <div class='ocr_carea' id='block_1_6' title="bbox 673 47 939 83">
    <p class='ocr_par' dir='ltr' id='par_1_6' title="bbox 673 47 939 83">
     <span class='ocr_line' id='line_1_6' title="bbox 673 47 939 83; baseline 0.004 -1"><span class='ocrx_word' id='word_1_6' title='bbox 673 47 939 83; x_wconf 81' lang='lat'>——180—</span> 
     </span>
    </p>
   </div>
   <div class='ocr_carea' id='block_1_7' title="bbox 221 307 704 351">
    <p class='ocr_par' dir='ltr' id='par_1_7' title="bbox 221 307 704 351">
     <span class='ocr_line' id='line_1_7' title="bbox 221 307 704 351; baseline -0.008 -8"><span class='ocrx_word' id='word_1_7' title='bbox 221 311 282 351; x_wconf 75' lang='lat' dir='ltr'>Qui</span> <span class='ocrx_word' id='word_1_8' title='bbox 308 309 471 349; x_wconf 82' lang='lat' dir='ltr'>quoddam</span> <span class='ocrx_word' id='word_1_9' title='bbox 497 307 704 348; x_wconf 85' lang='lat' dir='ltr'>proverbium</span> 
     </span>
    </p>
   </div>
   <div class='ocr_carea' id='block_1_8' title="bbox 217 356 605 686">
    <p class='ocr_par' dir='ltr' id='par_1_8' title="bbox 217 356 605 686">
     <span class='ocr_line' id='line_1_8' title="bbox 268 356 570 398; baseline -0.01 -8"><span class='ocrx_word' id='word_1_10' title='bbox 268 357 398 390; x_wconf 85' lang='lat' dir='ltr'>dicebas</span> <span class='ocrx_word' id='word_1_11' title='bbox 424 356 570 398; x_wconf 87' lang='lat' dir='ltr'>Judaeis‚</span> 
     </span>
     <span class='ocr_line' id='line_1_9' title="bbox 219 404 542 437; baseline -0.006 0"><span class='ocrx_word' id='word_1_12' title='bbox 219 405 338 437; x_wconf 88' lang='lat' dir='ltr'>Turbis</span> <span class='ocrx_word' id='word_1_13' title='bbox 361 404 542 437; x_wconf 89' lang='lat' dir='ltr'>infidelium</span> 
     </span>
     <span class='ocr_line' id='line_1_10' title="bbox 266 452 586 493; baseline -0.006 -8"><span class='ocrx_word' id='word_1_14' title='bbox 266 456 364 493; x_wconf 87' lang='lat' dir='ltr'>atque</span> <span class='ocrx_word' id='word_1_15' title='bbox 386 452 586 493; x_wconf 72' lang='lat' dir='ltr'>pharisaeis:</span> 
     </span>
     <span class='ocr_line' id='line_1_11' title="bbox 217 501 573 543; baseline -0.008 -9"><span class='ocrx_word' id='word_1_16' title='bbox 217 501 289 543; x_wconf 85' lang='lat' dir='ltr'>Ego</span> <span class='ocrx_word' id='word_1_17' title='bbox 314 503 430 541; x_wconf 86' lang='lat' dir='ltr'>patens</span> <span class='ocrx_word' id='word_1_18' title='bbox 457 501 573 532; x_wconf 89' lang='lat' dir='ltr'>ostium</span> 
     </span>
     <span class='ocr_line' id='line_1_12' title="bbox 266 549 601 585; baseline -0.006 -4"><span class='ocrx_word' id='word_1_19' title='bbox 266 552 357 582; x_wconf 82' lang='lat' dir='ltr'>exsto</span> <span class='ocrx_word' id='word_1_20' title='bbox 383 549 486 581; x_wconf 88' lang='lat' dir='ltr'>servis</span> <span class='ocrx_word' id='word_1_21' title='bbox 510 549 601 585; x_wconf 61' lang='lat' dir='ltr'>mem,</span> 
     </span>
     <span class='ocr_line' id='line_1_13' title="bbox 219 597 605 638; baseline -0.005 -8"><span class='ocrx_word' id='word_1_22' title='bbox 219 597 426 638; x_wconf 69' lang='lat' dir='ltr'>sepiternum</span> <span class='ocrx_word' id='word_1_23' title='bbox 451 597 605 637; x_wconf 81' lang='lat' dir='ltr'>gaudium</span> 
     </span>
     <span class='ocr_line' id='line_1_14' title="bbox 266 645 576 686; baseline -0.006 -7"><span class='ocrx_word' id='word_1_24' title='bbox 266 646 348 679; x_wconf 87' lang='lat' dir='ltr'>coeli</span> <span class='ocrx_word' id='word_1_25' title='bbox 372 654 493 686; x_wconf 87' lang='lat' dir='ltr'>parans</span> <span class='ocrx_word' id='word_1_26' title='bbox 520 645 576 677; x_wconf 84' lang='lat' dir='ltr'>eis.</span> 
     </span>
    </p>
   </div>
   <div class='ocr_carea' id='block_1_9' title="bbox 215 731 635 1112">
    <p class='ocr_par' dir='ltr' id='par_1_9' title="bbox 215 731 635 1112">
     <span class='ocr_line' id='line_1_15' title="bbox 220 731 635 773; baseline -0.002 -9"><span class='ocrx_word' id='word_1_27' title='bbox 220 733 281 773; x_wconf 72' lang='lat' dir='ltr'>Qui</span> <span class='ocrx_word' id='word_1_28' title='bbox 307 734 356 764; x_wconf 84' lang='lat' dir='ltr'>est</span> <span class='ocrx_word' id='word_1_29' title='bbox 380 733 415 764; x_wconf 86' lang='lat' dir='ltr'>in</span> <span class='ocrx_word' id='word_1_30' title='bbox 441 731 635 764; x_wconf 85' lang='lat' dir='ltr'>coelestibus</span> 
     </span>
     <span class='ocr_line' id='line_1_16' title="bbox 265 781 617 819; baseline -0.006 -5"><span class='ocrx_word' id='word_1_31' title='bbox 265 781 423 814; x_wconf 88' lang='lat' dir='ltr'><strong>Dominus</strong></span> <span class='ocrx_word' id='word_1_32' title='bbox 451 781 617 819; x_wconf 88' lang='lat' dir='ltr'>virtutum,</span> 
     </span>
     <span class='ocr_line' id='line_1_17' title="bbox 216 829 600 863; baseline -0.003 -1"><span class='ocrx_word' id='word_1_33' title='bbox 216 829 364 862; x_wconf 90' lang='lat' dir='ltr'>Dominis</span> <span class='ocrx_word' id='word_1_34' title='bbox 390 829 600 863; x_wconf 81' lang='lat' dir='ltr'><strong>terrestribus</strong></span> 
     </span>
     <span class='ocr_line' id='line_1_18' title="bbox 266 877 605 920; baseline -0.003 -10"><span class='ocrx_word' id='word_1_35' title='bbox 266 878 415 911; x_wconf 77' lang='lat' dir='ltr'>solvebat</span> <span class='ocrx_word' id='word_1_36' title='bbox 438 877 605 920; x_wconf 81' lang='lat' dir='ltr'>tributum,</span> 
     </span>
     <span class='ocr_line' id='line_1_19' title="bbox 215 926 627 968; baseline -0.002 -9"><span class='ocrx_word' id='word_1_37' title='bbox 215 926 279 968; x_wconf 83' lang='lat' dir='ltr'>En,</span> <span class='ocrx_word' id='word_1_38' title='bbox 307 935 325 958; x_wconf 94' lang='lat' dir='ltr'>o</span> <span class='ocrx_word' id='word_1_39' title='bbox 351 927 454 968; x_wconf 84' lang='lat' dir='ltr'>virgo,</span> <span class='ocrx_word' id='word_1_40' title='bbox 482 926 627 959; x_wconf 86' lang='lat' dir='ltr'>crebrius</span> 
     </span>
     <span class='ocr_line' id='line_1_20' title="bbox 263 973 594 1016; baseline 0 -9"><span class='ocrx_word' id='word_1_41' title='bbox 263 973 394 1016; x_wconf 84' lang='lat' dir='ltr'>perfero</span> <span class='ocrx_word' id='word_1_42' title='bbox 419 978 594 1014; x_wconf 80' lang='lat' dir='ltr'>versutum,</span> 
     </span>
     <span class='ocr_line' id='line_1_21' title="bbox 216 1023 539 1064; baseline -0.003 -8"><span class='ocrx_word' id='word_1_43' title='bbox 216 1023 379 1064; x_wconf 85' lang='lat' dir='ltr'>Expande</span> <span class='ocrx_word' id='word_1_44' title='bbox 404 1023 539 1055; x_wconf 88' lang='lat' dir='ltr'>celerius</span> 
     </span>
     <span class='ocr_line' id='line_1_22' title="bbox 263 1072 633 1112; baseline 0 -8"><span class='ocrx_word' id='word_1_45' title='bbox 263 1072 371 1112; x_wconf 82' lang='lat' dir='ltr'>precis</span> <span class='ocrx_word' id='word_1_46' title='bbox 397 1074 472 1104; x_wconf 88' lang='lat' dir='ltr'>tuae</span> <span class='ocrx_word' id='word_1_47' title='bbox 498 1075 633 1104; x_wconf 87' lang='lat' dir='ltr'>scutum.</span> 
     </span>
    </p>
   </div>
   <div class='ocr_carea' id='block_1_10' title="bbox 215 1158 673 1536">
    <p class='ocr_par' dir='ltr' id='par_1_10' title="bbox 215 1158 673 1536">
     <span class='ocr_line' id='line_1_23' title="bbox 217 1158 609 1199; baseline -0.003 -9"><span class='ocrx_word' id='word_1_48' title='bbox 217 1159 278 1199; x_wconf 63' lang='lat' dir='ltr'>Qui</span> <span class='ocrx_word' id='word_1_49' title='bbox 305 1158 438 1191; x_wconf 81' lang='lat' dir='ltr'>daturus</span> <span class='ocrx_word' id='word_1_50' title='bbox 463 1158 609 1198; x_wconf 86' lang='lat' dir='ltr'>parvulis</span> 
     </span>
     <span class='ocr_line' id='line_1_24' title="bbox 265 1207 673 1248; baseline -0.002 -9"><span class='ocrx_word' id='word_1_51' title='bbox 265 1209 315 1239; x_wconf 81' lang='lat' dir='ltr'>est</span> <span class='ocrx_word' id='word_1_52' title='bbox 339 1215 472 1248; x_wconf 86' lang='lat' dir='ltr'>regnum</span> <span class='ocrx_word' id='word_1_53' title='bbox 501 1207 673 1248; x_wconf 88' lang='lat' dir='ltr'>coelorum,</span> 
     </span>
     <span class='ocr_line' id='line_1_25' title="bbox 215 1254 648 1295; baseline 0 -8"><span class='ocrx_word' id='word_1_54' title='bbox 215 1255 276 1295; x_wconf 76' lang='lat' dir='ltr'>Qui</span> <span class='ocrx_word' id='word_1_55' title='bbox 303 1258 416 1287; x_wconf 87' lang='lat' dir='ltr'>cavent</span> <span class='ocrx_word' id='word_1_56' title='bbox 442 1264 462 1286; x_wconf 89' lang='lat' dir='ltr'>a</span> <span class='ocrx_word' id='word_1_57' title='bbox 485 1254 648 1288; x_wconf 83' lang='lat' dir='ltr'>scandalis</span> 
     </span>
     <span class='ocr_line' id='line_1_26' title="bbox 266 1303 613 1345; baseline 0 -10"><span class='ocrx_word' id='word_1_58' title='bbox 266 1305 359 1336; x_wconf 82' lang='lat' dir='ltr'>caute</span> <span class='ocrx_word' id='word_1_59' title='bbox 381 1303 613 1345; x_wconf 81' lang='lat' dir='ltr'>proximorum,</span> 
     </span>
     <span class='ocr_line' id='line_1_27' title="bbox 216 1352 577 1392; baseline -0.003 -7"><span class='ocrx_word' id='word_1_60' title='bbox 216 1352 293 1392; x_wconf 85' lang='lat' dir='ltr'>Ipse</span> <span class='ocrx_word' id='word_1_61' title='bbox 317 1360 370 1384; x_wconf 90' lang='lat' dir='ltr'>me</span> <span class='ocrx_word' id='word_1_62' title='bbox 395 1361 415 1384; x_wconf 94' lang='lat' dir='ltr'>a</span> <span class='ocrx_word' id='word_1_63' title='bbox 439 1352 577 1384; x_wconf 83' lang='lat' dir='ltr'>vinculis</span> 
     </span>
     <span class='ocr_line' id='line_1_28' title="bbox 265 1399 612 1440; baseline 0 -8"><span class='ocrx_word' id='word_1_64' title='bbox 265 1399 371 1433; x_wconf 86' lang='lat' dir='ltr'>solvat</span> <span class='ocrx_word' id='word_1_65' title='bbox 395 1403 612 1440; x_wconf 76' lang='lat' dir='ltr'>peccatorum,</span> 
     </span>
     <span class='ocr_line' id='line_1_29' title="bbox 218 1448 602 1489; baseline 0 -9"><span class='ocrx_word' id='word_1_66' title='bbox 218 1448 328 1481; x_wconf 88' lang='lat' dir='ltr'>Ducar</span> <span class='ocrx_word' id='word_1_67' title='bbox 352 1451 390 1480; x_wconf 77' lang='lat' dir='ltr'>ut,</span> <span class='ocrx_word' id='word_1_68' title='bbox 412 1449 453 1481; x_wconf 89' lang='lat' dir='ltr'>ab</span> <span class='ocrx_word' id='word_1_69' title='bbox 480 1449 602 1489; x_wconf 84' lang='lat' dir='ltr'>angelis</span> 
     </span>
     <span class='ocr_line' id='line_1_30' title="bbox 251 1496 614 1536; baseline -0.003 -7"><span class='ocrx_word' id='word_1_70' title='bbox 251 1496 285 1529; x_wconf 86' lang='lat' dir='ltr'>in</span> <span class='ocrx_word' id='word_1_71' title='bbox 311 1499 431 1529; x_wconf 80' lang='lat' dir='ltr'>sortem</span> <span class='ocrx_word' id='word_1_72' title='bbox 453 1496 614 1536; x_wconf 75' lang='lat' dir='ltr'>Justorum</span> 
     </span>
    </p>
   </div>
   <div class='ocr_carea' id='block_1_11' title="bbox 214 1583 606 1957">
    <p class='ocr_par' dir='ltr' id='par_1_11' title="bbox 214 1583 606 1957">
     <span class='ocr_line' id='line_1_31' title="bbox 216 1583 561 1624; baseline -0.003 -8"><span class='ocrx_word' id='word_1_73' title='bbox 216 1584 277 1624; x_wconf 77' lang='lat' dir='ltr'>Qui</span> <span class='ocrx_word' id='word_1_74' title='bbox 301 1583 358 1616; x_wconf 89' lang='lat' dir='ltr'>uni</span> <span class='ocrx_word' id='word_1_75' title='bbox 384 1592 423 1616; x_wconf 87' lang='lat' dir='ltr'>ex</span> <span class='ocrx_word' id='word_1_76' title='bbox 448 1583 561 1616; x_wconf 74' lang='lat' dir='ltr'>ovibus</span> 
     </span>
     <span class='ocr_line' id='line_1_32' title="bbox 265 1632 582 1665; baseline 0.003 -1"><span class='ocrx_word' id='word_1_77' title='bbox 265 1634 392 1665; x_wconf 86' lang='lat' dir='ltr'>centum</span> <span class='ocrx_word' id='word_1_78' title='bbox 417 1632 582 1665; x_wconf 88' lang='lat' dir='ltr'>oberranti</span> 
     </span>
     <span class='ocr_line' id='line_1_33' title="bbox 214 1680 522 1713; baseline -0.003 0"><span class='ocrx_word' id='word_1_79' title='bbox 214 1680 260 1713; x_wconf 79' lang='lat' dir='ltr'>Et</span> <span class='ocrx_word' id='word_1_80' title='bbox 284 1680 325 1713; x_wconf 86' lang='lat' dir='ltr'>ab</span> <span class='ocrx_word' id='word_1_81' title='bbox 351 1680 522 1713; x_wconf 76' lang='lat' dir='ltr'>itineribus</span> 
     </span>
     <span class='ocr_line' id='line_1_34' title="bbox 266 1729 519 1771; baseline -0.008 -9"><span class='ocrx_word' id='word_1_82' title='bbox 266 1729 348 1771; x_wconf 83' lang='lat' dir='ltr'>legis</span> <span class='ocrx_word' id='word_1_83' title='bbox 376 1729 519 1762; x_wconf 81' lang='lat' dir='ltr'>devianti</span> 
     </span>
     <span class='ocr_line' id='line_1_35' title="bbox 215 1777 529 1811; baseline -0.003 0"><span class='ocrx_word' id='word_1_84' title='bbox 215 1777 365 1811; x_wconf 76' lang='lat' dir='ltr'>Occurrit</span> <span class='ocrx_word' id='word_1_85' title='bbox 387 1777 529 1810; x_wconf 89' lang='lat' dir='ltr'>velocius</span> 
     </span>
     <span class='ocr_line' id='line_1_36' title="bbox 263 1826 507 1859; baseline -0.008 0"><span class='ocrx_word' id='word_1_86' title='bbox 263 1835 299 1859; x_wconf 88' lang='lat' dir='ltr'>se</span> <span class='ocrx_word' id='word_1_87' title='bbox 322 1826 507 1859; x_wconf 76' lang='lat' dir='ltr'>humilianti</span> 
     </span>
     <span class='ocr_line' id='line_1_37' title="bbox 217 1874 606 1915; baseline -0.005 -7"><span class='ocrx_word' id='word_1_88' title='bbox 217 1874 418 1915; x_wconf 76' lang='lat' dir='ltr'>Cunctasque</span> <span class='ocrx_word' id='word_1_89' title='bbox 443 1876 606 1915; x_wconf 87' lang='lat' dir='ltr'>posterius</span> 
     </span>
     <span class='ocr_line' id='line_1_38' title="bbox 262 1923 577 1957; baseline 0.003 -1"><span class='ocrx_word' id='word_1_90' title='bbox 262 1932 362 1956; x_wconf 81' lang='lat' dir='ltr'>noxas</span> <span class='ocrx_word' id='word_1_91' title='bbox 390 1923 577 1957; x_wconf 83' lang='lat' dir='ltr'>declinanti.</span> 
     </span>
    </p>
   </div>
   <div class='ocr_carea' id='block_1_12' title="bbox 212 2009 584 2382">
    <p class='ocr_par' dir='ltr' id='par_1_12' title="bbox 212 2009 584 2382">
     <span class='ocr_line' id='line_1_39' title="bbox 216 2009 580 2050; baseline 0 -8"><span class='ocrx_word' id='word_1_92' title='bbox 216 2009 313 2050; x_wconf 54' lang='lat' dir='ltr'>Cujus</span> <span class='ocrx_word' id='word_1_93' title='bbox 339 2010 367 2042; x_wconf 91' lang='lat' dir='ltr'>si</span> <span class='ocrx_word' id='word_1_94' title='bbox 392 2010 426 2042; x_wconf 88' lang='lat' dir='ltr'>in</span> <span class='ocrx_word' id='word_1_95' title='bbox 451 2011 580 2042; x_wconf 87' lang='lat' dir='ltr'>nomine</span> 
     </span>
     <span class='ocr_line' id='line_1_40' title="bbox 263 2059 584 2100; baseline 0.003 -9"><span class='ocrx_word' id='word_1_96' title='bbox 263 2067 371 2091; x_wconf 85' lang='lat' dir='ltr'>sumus</span> <span class='ocrx_word' id='word_1_97' title='bbox 397 2059 584 2100; x_wconf 86' lang='lat' dir='ltr'>congregati</span> 
     </span>
     <span class='ocr_line' id='line_1_41' title="bbox 213 2107 582 2147; baseline 0.005 -9"><span class='ocrx_word' id='word_1_98' title='bbox 213 2107 264 2139; x_wconf 83' lang='lat' dir='ltr'>Ac</span> <span class='ocrx_word' id='word_1_99' title='bbox 287 2115 348 2147; x_wconf 82' lang='lat' dir='ltr'>pro</span> <span class='ocrx_word' id='word_1_100' title='bbox 374 2108 582 2147; x_wconf 79' lang='lat' dir='ltr'>adjuvamine</span> 
     </span>
     <span class='ocr_line' id='line_1_42' title="bbox 261 2155 573 2198; baseline 0 -11"><span class='ocrx_word' id='word_1_101' title='bbox 261 2155 369 2196; x_wconf 84' lang='lat' dir='ltr'>ipsum</span> <span class='ocrx_word' id='word_1_102' title='bbox 396 2156 573 2198; x_wconf 82' lang='lat' dir='ltr'>deprecati⁷</span> 
     </span>
     <span class='ocr_line' id='line_1_43' title="bbox 213 2203 536 2244; baseline 0 -8"><span class='ocrx_word' id='word_1_103' title='bbox 213 2203 294 2244; x_wconf 83' lang='lat' dir='ltr'>Ejus</span> <span class='ocrx_word' id='word_1_104' title='bbox 319 2204 536 2236; x_wconf 83' lang='lat' dir='ltr'>consolamine</span> 
     </span>
     <span class='ocr_line' id='line_1_44' title="bbox 264 2253 521 2285; baseline 0.004 -2"><span class='ocrx_word' id='word_1_105' title='bbox 264 2253 382 2284; x_wconf 88' lang='lat' dir='ltr'>erimus</span> <span class='ocrx_word' id='word_1_106' title='bbox 406 2253 521 2285; x_wconf 86' lang='lat' dir='ltr'>laetati</span> 
     </span>
     <span class='ocr_line' id='line_1_45' title="bbox 212 2300 570 2339; baseline 0.003 -7"><span class='ocrx_word' id='word_1_107' title='bbox 212 2300 259 2332; x_wconf 83' lang='lat' dir='ltr'>Et</span> <span class='ocrx_word' id='word_1_108' title='bbox 283 2310 303 2332; x_wconf 90' lang='lat' dir='ltr'>a</span> <span class='ocrx_word' id='word_1_109' title='bbox 327 2300 570 2339; x_wconf 88' lang='lat' dir='ltr'>perturbamine</span> 
     </span>
     <span class='ocr_line' id='line_1_46' title="bbox 262 2349 542 2382; baseline 0.007 -2"><span class='ocrx_word' id='word_1_110' title='bbox 262 2350 376 2381; x_wconf 86' lang='lat' dir='ltr'>cuncto</span> <span class='ocrx_word' id='word_1_111' title='bbox 401 2349 542 2382; x_wconf 89' lang='lat' dir='ltr'>liberati.</span> 
     </span>
    </p>
   </div>
   <div class='ocr_carea' id='block_1_13' title="bbox 771 201 835 235">
    <p class='ocr_par' dir='ltr' id='par_1_13' title="bbox 771 201 835 235">
     <span class='ocr_line' id='line_1_47' title="bbox 771 201 835 235; baseline 0.016 -1"><span class='ocrx_word' id='word_1_112' title='bbox 771 201 835 235; x_wconf 84' lang='grc' dir='ltr'><strong>ΙΙΙ.</strong></span> 
     </span>
    </p>
   </div>
   <div class='ocr_carea' id='block_1_14' title="bbox 836 306 893 339">
    <p class='ocr_par' dir='ltr' id='par_1_14' title="bbox 836 306 893 339">
     <span class='ocr_line' id='line_1_48' title="bbox 836 306 893 339; baseline -0.018 0"><span class='ocrx_word' id='word_1_113' title='bbox 836 306 893 339; x_wconf 88' lang='lat'>26.</span> 
     </span>
    </p>
   </div>
   <div class='ocr_carea' id='block_1_15' title="bbox 837 731 895 765">
    <p class='ocr_par' dir='ltr' id='par_1_15' title="bbox 837 731 895 765">
     <span class='ocr_line' id='line_1_49' title="bbox 837 731 895 765; baseline -0.017 0"><span class='ocrx_word' id='word_1_114' title='bbox 837 731 895 765; x_wconf 76' lang='lat'>27.</span> 
     </span>
    </p>
   </div>
   <div class='ocr_carea' id='block_1_16' title="bbox 835 1158 891 1191">
    <p class='ocr_par' dir='ltr' id='par_1_16' title="bbox 835 1158 891 1191">
     <span class='ocr_line' id='line_1_50' title="bbox 835 1158 891 1191; baseline -0.018 0"><span class='ocrx_word' id='word_1_115' title='bbox 835 1158 891 1191; x_wconf 89' lang='lat'>28.</span> 
     </span>
    </p>
   </div>
   <div class='ocr_carea' id='block_1_17' title="bbox 832 1583 888 1617">
    <p class='ocr_par' dir='ltr' id='par_1_17' title="bbox 832 1583 888 1617">
     <span class='ocr_line' id='line_1_51' title="bbox 832 1583 888 1617; baseline -0.036 0"><span class='ocrx_word' id='word_1_116' title='bbox 832 1583 888 1617; x_wconf 90' lang='lat'>29.</span> 
     </span>
    </p>
   </div>
   <div class='ocr_carea' id='block_1_18' title="bbox 832 2011 888 2045">
    <p class='ocr_par' dir='ltr' id='par_1_18' title="bbox 832 2011 888 2045">
     <span class='ocr_line' id='line_1_52' title="bbox 832 2011 888 2045; baseline -0.036 0"><span class='ocrx_word' id='word_1_117' title='bbox 832 2011 888 2045; x_wconf 88' lang='grc'>30.</span> 
     </span>
    </p>
   </div>
   <div class='ocr_carea' id='block_1_19' title="bbox 920 304 1334 677">
    <p class='ocr_par' dir='ltr' id='par_1_19' title="bbox 920 304 1334 677">
     <span class='ocr_line' id='line_1_53' title="bbox 922 304 1239 339; baseline -0.009 -1"><span class='ocrx_word' id='word_1_118' title='bbox 922 305 982 339; x_wconf 86' lang='lat' dir='ltr'>Cui</span> <span class='ocrx_word' id='word_1_119' title='bbox 1009 304 1121 337; x_wconf 87' lang='lat' dir='ltr'>decem</span> <span class='ocrx_word' id='word_1_120' title='bbox 1146 304 1239 336; x_wconf 85' lang='lat' dir='ltr'>milia</span> 
     </span>
     <span class='ocr_line' id='line_1_54' title="bbox 973 352 1235 392; baseline -0.008 -6"><span class='ocrx_word' id='word_1_121' title='bbox 973 352 1075 386; x_wconf 87' lang='lat' dir='ltr'>debeo</span> <span class='ocrx_word' id='word_1_122' title='bbox 1101 352 1235 392; x_wconf 84' lang='lat' dir='ltr'>talenta,</span> 
     </span>
     <span class='ocr_line' id='line_1_55' title="bbox 920 400 1330 442; baseline -0.005 -8"><span class='ocrx_word' id='word_1_123' title='bbox 920 401 1034 434; x_wconf 89' lang='lat' dir='ltr'>Mente</span> <span class='ocrx_word' id='word_1_124' title='bbox 1057 409 1141 442; x_wconf 91' lang='lat' dir='ltr'>quae</span> <span class='ocrx_word' id='word_1_125' title='bbox 1164 409 1224 441; x_wconf 87' lang='lat' dir='ltr'>per</span> <span class='ocrx_word' id='word_1_126' title='bbox 1252 400 1330 432; x_wconf 91' lang='lat' dir='ltr'>vitia</span> 
     </span>
     <span class='ocr_line' id='line_1_56' title="bbox 971 449 1280 489; baseline -0.003 -7"><span class='ocrx_word' id='word_1_127' title='bbox 971 449 1120 482; x_wconf 73' lang='lat' dir='ltr'>contraxi</span> <span class='ocrx_word' id='word_1_128' title='bbox 1142 450 1280 489; x_wconf 78' lang='lat' dir='ltr'>intenta,</span> 
     </span>
     <span class='ocr_line' id='line_1_57' title="bbox 923 497 1321 542; baseline -0.003 -12"><span class='ocrx_word' id='word_1_129' title='bbox 923 498 1042 542; x_wconf 78' lang='lat' dir='ltr'>Mater,</span> <span class='ocrx_word' id='word_1_130' title='bbox 1070 500 1203 539; x_wconf 87' lang='lat' dir='ltr'>praesta</span> <span class='ocrx_word' id='word_1_131' title='bbox 1230 497 1321 530; x_wconf 80' lang='lat' dir='ltr'>varia</span> 
     </span>
     <span class='ocr_line' id='line_1_58' title="bbox 969 546 1334 587; baseline -0.003 -8"><span class='ocrx_word' id='word_1_132' title='bbox 969 546 1126 580; x_wconf 88' lang='lat' dir='ltr'>virtutum</span> <span class='ocrx_word' id='word_1_133' title='bbox 1152 549 1334 587; x_wconf 81' lang='lat' dir='ltr'>augmenta,</span> 
     </span>
     <span class='ocr_line' id='line_1_59' title="bbox 922 595 1247 636; baseline -0.003 -8"><span class='ocrx_word' id='word_1_134' title='bbox 922 595 1045 636; x_wconf 72' lang='lat' dir='ltr'>Quibus</span> <span class='ocrx_word' id='word_1_135' title='bbox 1068 595 1247 628; x_wconf 77' lang='lat' dir='ltr'>infernalia</span> 
     </span>
     <span class='ocr_line' id='line_1_60' title="bbox 971 644 1303 677; baseline -0.006 0"><span class='ocrx_word' id='word_1_136' title='bbox 971 644 1108 677; x_wconf 83' lang='lat' dir='ltr'>evadam</span> <span class='ocrx_word' id='word_1_137' title='bbox 1131 645 1303 676; x_wconf 82' lang='lat' dir='ltr'>tormenta.</span> 
     </span>
    </p>
   </div>
   <div class='ocr_carea' id='block_1_20' title="bbox 919 730 1453 1111">
    <p class='ocr_par' dir='ltr' id='par_1_20' title="bbox 919 730 1453 1111">
     <span class='ocr_line' id='line_1_61' title="bbox 921 730 1368 772; baseline 0 -9"><span class='ocrx_word' id='word_1_138' title='bbox 921 732 1023 772; x_wconf 68' lang='lat' dir='ltr'>Quem</span> <span class='ocrx_word' id='word_1_139' title='bbox 1050 740 1160 764; x_wconf 86' lang='lat' dir='ltr'>coram</span> <span class='ocrx_word' id='word_1_140' title='bbox 1182 730 1368 763; x_wconf 86' lang='lat' dir='ltr'>bominibus</span> 
     </span>
     <span class='ocr_line' id='line_1_62' title="bbox 972 778 1295 822; baseline -0.003 -10"><span class='ocrx_word' id='word_1_141' title='bbox 972 779 1070 812; x_wconf 89' lang='lat' dir='ltr'>corde</span> <span class='ocrx_word' id='word_1_142' title='bbox 1096 778 1295 822; x_wconf 82' lang='lat' dir='ltr'>confitemur,</span> 
     </span>
     <span class='ocr_line' id='line_1_63' title="bbox 922 827 1296 861; baseline -0.005 0"><span class='ocrx_word' id='word_1_143' title='bbox 922 827 1039 861; x_wconf 85' lang='lat' dir='ltr'>Coram</span> <span class='ocrx_word' id='word_1_144' title='bbox 1066 827 1149 861; x_wconf 90' lang='lat' dir='ltr'>coeli</span> <span class='ocrx_word' id='word_1_145' title='bbox 1172 828 1296 860; x_wconf 87' lang='lat' dir='ltr'>civibus</span> 
     </span>
     <span class='ocr_line' id='line_1_64' title="bbox 970 876 1394 918; baseline 0.002 -10"><span class='ocrx_word' id='word_1_146' title='bbox 970 885 1011 909; x_wconf 90' lang='lat' dir='ltr'>ne</span> <span class='ocrx_word' id='word_1_147' title='bbox 1034 886 1095 917; x_wconf 87' lang='lat' dir='ltr'>per</span> <span class='ocrx_word' id='word_1_148' title='bbox 1118 876 1206 909; x_wconf 87' lang='lat' dir='ltr'>hunc</span> <span class='ocrx_word' id='word_1_149' title='bbox 1230 884 1394 918; x_wconf 82' lang='lat' dir='ltr'>negemur,</span> 
     </span>
     <span class='ocr_line' id='line_1_65' title="bbox 922 924 1453 965; baseline -0.002 -7"><span class='ocrx_word' id='word_1_150' title='bbox 922 925 987 958; x_wconf 86' lang='lat' dir='ltr'>Sed</span> <span class='ocrx_word' id='word_1_151' title='bbox 1011 934 1071 965; x_wconf 87' lang='lat' dir='ltr'>per</span> <span class='ocrx_word' id='word_1_152' title='bbox 1096 926 1182 957; x_wconf 87' lang='lat' dir='ltr'>hunc</span> <span class='ocrx_word' id='word_1_153' title='bbox 1208 934 1279 957; x_wconf 86' lang='lat' dir='ltr'>cum</span> <span class='ocrx_word' id='word_1_154' title='bbox 1306 924 1453 957; x_wconf 90' lang='lat' dir='ltr'>omnibus</span> 
     </span>
     <span class='ocr_line' id='line_1_66' title="bbox 970 974 1318 1013; baseline 0 -8"><span class='ocrx_word' id='word_1_155' title='bbox 970 974 1091 1005; x_wconf 89' lang='lat' dir='ltr'>sanctis</span> <span class='ocrx_word' id='word_1_156' title='bbox 1119 981 1318 1013; x_wconf 83' lang='lat' dir='ltr'>coronemur,</span> 
     </span>
     <span class='ocr_line' id='line_1_67' title="bbox 919 1022 1240 1062; baseline -0.003 -8"><span class='ocrx_word' id='word_1_157' title='bbox 919 1023 971 1054; x_wconf 86' lang='lat' dir='ltr'>Ac</span> <span class='ocrx_word' id='word_1_158' title='bbox 993 1022 1061 1062; x_wconf 84' lang='lat' dir='ltr'>ejus</span> <span class='ocrx_word' id='word_1_159' title='bbox 1085 1022 1240 1054; x_wconf 88' lang='lat' dir='ltr'>attentius</span> 
     </span>
     <span class='ocr_line' id='line_1_68' title="bbox 968 1069 1383 1111; baseline 0 -8"><span class='ocrx_word' id='word_1_160' title='bbox 968 1071 1092 1104; x_wconf 88' lang='lat' dir='ltr'>vultum</span> <span class='ocrx_word' id='word_1_161' title='bbox 1120 1069 1383 1111; x_wconf 89' lang='lat' dir='ltr'>contemplemur.</span> 
     </span>
    </p>
   </div>
   <div class='ocr_carea' id='block_1_21' title="bbox 916 1157 1421 1537">
    <p class='ocr_par' dir='ltr' id='par_1_21' title="bbox 916 1157 1421 1537">
     <span class='ocr_line' id='line_1_69' title="bbox 919 1157 1308 1198; baseline 0 -9"><span class='ocrx_word' id='word_1_162' title='bbox 919 1158 980 1198; x_wconf 67' lang='lat' dir='ltr'>Qui</span> <span class='ocrx_word' id='word_1_163' title='bbox 1007 1158 1068 1189; x_wconf 90' lang='lat' dir='ltr'>scit</span> <span class='ocrx_word' id='word_1_164' title='bbox 1093 1157 1308 1198; x_wconf 85' lang='lat' dir='ltr'>indigentiam</span> 
     </span>
     <span class='ocr_line' id='line_1_70' title="bbox 966 1214 1300 1246; baseline -0.003 -8"><span class='ocrx_word' id='word_1_165' title='bbox 966 1214 1134 1238; x_wconf 87' lang='lat' dir='ltr'>servorum</span> <span class='ocrx_word' id='word_1_166' title='bbox 1159 1214 1300 1246; x_wconf 82' lang='lat' dir='ltr'>suorum,</span> 
     </span>
     <span class='ocr_line' id='line_1_71' title="bbox 917 1254 1348 1295; baseline -0.002 -8"><span class='ocrx_word' id='word_1_167' title='bbox 917 1254 1008 1287; x_wconf 89' lang='lat' dir='ltr'>Dans</span> <span class='ocrx_word' id='word_1_168' title='bbox 1033 1254 1099 1287; x_wconf 90' lang='lat' dir='ltr'>illis</span> <span class='ocrx_word' id='word_1_169' title='bbox 1124 1263 1185 1294; x_wconf 85' lang='lat' dir='ltr'>per</span> <span class='ocrx_word' id='word_1_170' title='bbox 1209 1254 1348 1295; x_wconf 82' lang='lat' dir='ltr'>gratiam</span> 
     </span>
     <span class='ocr_line' id='line_1_72' title="bbox 968 1303 1276 1340; baseline 0 -5"><span class='ocrx_word' id='word_1_171' title='bbox 968 1304 1053 1336; x_wconf 82' lang='lat' dir='ltr'>dona</span> <span class='ocrx_word' id='word_1_172' title='bbox 1075 1303 1276 1340; x_wconf 74' lang='lat' dir='ltr'>meritorum,</span> 
     </span>
     <span class='ocr_line' id='line_1_73' title="bbox 917 1351 1324 1384; baseline 0 -1"><span class='ocrx_word' id='word_1_173' title='bbox 917 1351 1068 1384; x_wconf 82' lang='lat' dir='ltr'>Praestet</span> <span class='ocrx_word' id='word_1_174' title='bbox 1092 1351 1324 1384; x_wconf 85' lang='lat' dir='ltr'>abundantiam</span> 
     </span>
     <span class='ocr_line' id='line_1_74' title="bbox 964 1400 1315 1441; baseline -0.003 -9"><span class='ocrx_word' id='word_1_175' title='bbox 964 1400 999 1432; x_wconf 91' lang='lat' dir='ltr'>in</span> <span class='ocrx_word' id='word_1_176' title='bbox 1025 1408 1125 1441; x_wconf 82' lang='lat' dir='ltr'>regno</span> <span class='ocrx_word' id='word_1_177' title='bbox 1152 1400 1315 1432; x_wconf 85' lang='lat' dir='ltr'>coelorum</span> 
     </span>
     <span class='ocr_line' id='line_1_75' title="bbox 916 1447 1342 1488; baseline 0 -8"><span class='ocrx_word' id='word_1_178' title='bbox 916 1447 1014 1481; x_wconf 88' lang='lat' dir='ltr'>Fanti</span> <span class='ocrx_word' id='word_1_179' title='bbox 1040 1457 1102 1488; x_wconf 88' lang='lat' dir='ltr'>per</span> <span class='ocrx_word' id='word_1_180' title='bbox 1128 1448 1342 1481; x_wconf 84' lang='lat' dir='ltr'>constantiam</span> 
     </span>
     <span class='ocr_line' id='line_1_76' title="bbox 965 1496 1421 1537; baseline 0.004 -9"><span class='ocrx_word' id='word_1_181' title='bbox 965 1497 1120 1537; x_wconf 88' lang='lat' dir='ltr'>hymnum</span> <span class='ocrx_word' id='word_1_182' title='bbox 1145 1496 1233 1529; x_wconf 83' lang='lat' dir='ltr'>hunc</span> <span class='ocrx_word' id='word_1_183' title='bbox 1258 1496 1421 1530; x_wconf 85' lang='lat' dir='ltr'>decorum.</span> 
     </span>
    </p>
   </div>
   <div class='ocr_carea' id='block_1_22' title="bbox 913 1583 1384 1965">
    <p class='ocr_par' dir='ltr' id='par_1_22' title="bbox 917 1583 1299 1672">
     <span class='ocr_line' id='line_1_77' title="bbox 917 1583 1299 1624; baseline 0 -9"><span class='ocrx_word' id='word_1_184' title='bbox 917 1583 977 1624; x_wconf 72' lang='lat' dir='ltr'>Qui</span> <span class='ocrx_word' id='word_1_185' title='bbox 1001 1583 1145 1615; x_wconf 82' lang='lat' dir='ltr'>habebat</span> <span class='ocrx_word' id='word_1_186' title='bbox 1169 1583 1299 1616; x_wconf 87' lang='lat' dir='ltr'>vineam</span> 
     </span>
     <span class='ocr_line' id='line_1_78' title="bbox 967 1631 1285 1672; baseline 0 -8"><span class='ocrx_word' id='word_1_187' title='bbox 967 1631 1077 1665; x_wconf 87' lang='lat' dir='ltr'>debite</span> <span class='ocrx_word' id='word_1_188' title='bbox 1101 1631 1285 1672; x_wconf 85' lang='lat' dir='ltr'>plantatam</span> 
     </span>
    </p>

    <p class='ocr_par' dir='ltr' id='par_1_23' title="bbox 914 1678 1311 1770">
     <span class='ocr_line' id='line_1_79' title="bbox 914 1678 1305 1713; baseline 0 -1"><span class='ocrx_word' id='word_1_189' title='bbox 914 1680 960 1713; x_wconf 88' lang='lat' dir='ltr'>Et</span> <span class='ocrx_word' id='word_1_190' title='bbox 985 1681 1021 1713; x_wconf 87' lang='lat' dir='ltr'>in</span> <span class='ocrx_word' id='word_1_191' title='bbox 1044 1680 1107 1712; x_wconf 89' lang='lat' dir='ltr'>hac</span> <span class='ocrx_word' id='word_1_192' title='bbox 1132 1678 1305 1713; x_wconf 86' lang='lat' dir='ltr'>ficulneam</span> 
     </span>
     <span class='ocr_line' id='line_1_80' title="bbox 966 1728 1311 1770; baseline 0 -9"><span class='ocrx_word' id='word_1_193' title='bbox 966 1728 1126 1762; x_wconf 84' lang='lat' dir='ltr'>fructibus</span> <span class='ocrx_word' id='word_1_194' title='bbox 1152 1730 1311 1770; x_wconf 85' lang='lat' dir='ltr'>orbatam,</span> 
     </span>
    </p>

    <p class='ocr_par' dir='ltr' id='par_1_24' title="bbox 913 1777 1292 1859">
     <span class='ocr_line' id='line_1_81' title="bbox 913 1777 1292 1819; baseline 0 -10"><span class='ocrx_word' id='word_1_195' title='bbox 913 1777 946 1810; x_wconf 88' lang='lat' dir='ltr'>Is</span> <span class='ocrx_word' id='word_1_196' title='bbox 972 1786 1033 1819; x_wconf 86' lang='lat' dir='ltr'>per</span> <span class='ocrx_word' id='word_1_197' title='bbox 1056 1777 1292 1818; x_wconf 82' lang='lat' dir='ltr'>poenitentiam</span> 
     </span>
     <span class='ocr_line' id='line_1_82' title="bbox 964 1826 1234 1859; baseline -0.004 0"><span class='ocrx_word' id='word_1_198' title='bbox 964 1826 1065 1859; x_wconf 83' lang='lat' dir='ltr'>faciat</span> <span class='ocrx_word' id='word_1_199' title='bbox 1086 1828 1234 1859; x_wconf 85' lang='lat' dir='ltr'>ornatam</span> 
     </span>
    </p>

    <p class='ocr_par' dir='ltr' id='par_1_25' title="bbox 915 1875 1384 1965">
     <span class='ocr_line' id='line_1_83' title="bbox 915 1875 1384 1908; baseline -0.002 0"><span class='ocrx_word' id='word_1_200' title='bbox 915 1875 1061 1908; x_wconf 88' lang='lat' dir='ltr'>Mentem</span> <span class='ocrx_word' id='word_1_201' title='bbox 1084 1884 1189 1907; x_wconf 88' lang='lat' dir='ltr'>meam</span> <span class='ocrx_word' id='word_1_202' title='bbox 1215 1875 1384 1908; x_wconf 88' lang='lat' dir='ltr'>sordidam</span> 
     </span>
     <span class='ocr_line' id='line_1_84' title="bbox 965 1921 1333 1965; baseline 0.003 -9"><span class='ocrx_word' id='word_1_203' title='bbox 965 1924 1133 1965; x_wconf 84' lang='lat' dir='ltr'>culpisque</span> <span class='ocrx_word' id='word_1_204' title='bbox 1157 1921 1333 1957; x_wconf 87' lang='lat' dir='ltr'>foedatam.</span> 
     </span>
    </p>
   </div>
   <div class='ocr_carea' id='block_1_23' title="bbox 914 2009 1416 2383">
    <p class='ocr_par' dir='ltr' id='par_1_26' title="bbox 914 2009 1416 2383">
     <span class='ocr_line' id='line_1_85' title="bbox 916 2009 1321 2051; baseline -0.002 -8"><span class='ocrx_word' id='word_1_205' title='bbox 916 2011 976 2051; x_wconf 80' lang='lat' dir='ltr'>Qui</span> <span class='ocrx_word' id='word_1_206' title='bbox 1002 2010 1142 2044; x_wconf 76' lang='lat' dir='ltr'>sanabat,</span> <span class='ocrx_word' id='word_1_207' title='bbox 1167 2009 1321 2044; x_wconf 87' lang='lat' dir='ltr'>feminam</span> 
     </span>
     <span class='ocr_line' id='line_1_86' title="bbox 962 2059 1291 2102; baseline 0 -10"><span class='ocrx_word' id='word_1_208' title='bbox 962 2059 1059 2092; x_wconf 89' lang='lat' dir='ltr'>nimis</span> <span class='ocrx_word' id='word_1_209' title='bbox 1084 2059 1291 2102; x_wconf 79' lang='lat' dir='ltr'>infirmatam,</span> 
     </span>
     <span class='ocr_line' id='line_1_87' title="bbox 914 2107 1331 2150; baseline 0 -10"><span class='ocrx_word' id='word_1_210' title='bbox 914 2107 1066 2150; x_wconf 83' lang='lat' dir='ltr'>Ligatam</span> <span class='ocrx_word' id='word_1_211' title='bbox 1090 2118 1152 2149; x_wconf 84' lang='lat' dir='ltr'>per</span> <span class='ocrx_word' id='word_1_212' title='bbox 1175 2108 1331 2143; x_wconf 74' lang='lat' dir='ltr'>satanam</span> 
     </span>
     <span class='ocr_line' id='line_1_88' title="bbox 967 2157 1300 2196; baseline 0 -7"><span class='ocrx_word' id='word_1_213' title='bbox 967 2157 1102 2196; x_wconf 89' lang='lat' dir='ltr'>direque</span> <span class='ocrx_word' id='word_1_214' title='bbox 1132 2160 1300 2189; x_wconf 84' lang='lat' dir='ltr'>curvatam</span> 
     </span>
     <span class='ocr_line' id='line_1_89' title="bbox 917 2204 1300 2237; baseline -0.003 0"><span class='ocrx_word' id='word_1_215' title='bbox 917 2204 1073 2237; x_wconf 85' lang='lat' dir='ltr'>Sublevet</span> <span class='ocrx_word' id='word_1_216' title='bbox 1098 2208 1130 2236; x_wconf 88' lang='lat' dir='ltr'>et</span> <span class='ocrx_word' id='word_1_217' title='bbox 1160 2204 1300 2236; x_wconf 88' lang='lat' dir='ltr'>animam</span> 
     </span>
     <span class='ocr_line' id='line_1_90' title="bbox 965 2255 1416 2295; baseline 0.007 -12"><span class='ocrx_word' id='word_1_218' title='bbox 965 2260 1070 2284; x_wconf 88' lang='lat' dir='ltr'>meam</span> <span class='ocrx_word' id='word_1_219' title='bbox 1094 2261 1182 2284; x_wconf 91' lang='lat' dir='ltr'>nunc</span> <span class='ocrx_word' id='word_1_220' title='bbox 1206 2255 1416 2295; x_wconf 82' lang='lat' dir='ltr'>p1·ostratan1‚</span> 
     </span>
     <span class='ocr_line' id='line_1_91' title="bbox 918 2300 1300 2341; baseline 0 -8"><span class='ocrx_word' id='word_1_221' title='bbox 918 2300 1068 2333; x_wconf 85' lang='lat' dir='ltr'>Dulciter</span> <span class='ocrx_word' id='word_1_222' title='bbox 1093 2301 1136 2333; x_wconf 86' lang='lat' dir='ltr'>ad</span> <span class='ocrx_word' id='word_1_223' title='bbox 1162 2300 1300 2341; x_wconf 86' lang='lat' dir='ltr'>gloriam</span> 
     </span>
     <span class='ocr_line' id='line_1_92' title="bbox 965 2348 1265 2383; baseline 0.01 -3"><span class='ocrx_word' id='word_1_224' title='bbox 965 2349 1050 2381; x_wconf 89' lang='lat' dir='ltr'>coeli</span> <span class='ocrx_word' id='word_1_225' title='bbox 1073 2348 1265 2383; x_wconf 81' lang='lat' dir='ltr'>affectatam.</span> 
     </span>
    </p>
   </div>
  </div>
 </body>
</html>
