<?xml version="1.0" encoding="UTF-8"?>
<!DOCTYPE html PUBLIC "-//W3C//DTD XHTML 1.0 Transitional//EN"
    "http://www.w3.org/TR/xhtml1/DTD/xhtml1-transitional.dtd">
<html xmlns="http://www.w3.org/1999/xhtml" xml:lang="en" lang="en">
 <head>
  <title>
</title>
<meta http-equiv="Content-Type" content="text/html;charset=utf-8" />
  <meta name='ocr-system' content='tesseract 3.04.00' />
  <meta name='ocr-capabilities' content='ocr_page ocr_carea ocr_par ocr_line ocrx_word'/>
</head>
<body>
  <div class='ocr_page' id='page_1' title='image "./analectahymnica06drevuoft_00150.png"; bbox 0 0 1656 2674; ppageno 0'>
   <div class='ocr_carea' id='block_1_1' title="bbox 747 126 1014 162">
    <p class='ocr_par' dir='ltr' id='par_1_1' title="bbox 747 126 1014 162">
     <span class='ocr_line' id='line_1_1' title="bbox 747 126 1014 162; baseline 0 0"><span class='ocrx_word' id='word_1_1' title='bbox 747 126 1014 162; x_wconf 81' lang='lat'>—147—</span> 
     </span>
    </p>
   </div>
   <div class='ocr_carea' id='block_1_2' title="bbox 190 220 1443 1748">
    <p class='ocr_par' dir='ltr' id='par_1_2' title="bbox 190 220 1443 1748">
     <span class='ocr_line' id='line_1_2' title="bbox 286 220 1368 263; baseline 0.005 -10"><span class='ocrx_word' id='word_1_2' title='bbox 286 220 433 254; x_wconf 78' lang='lat' dir='ltr'>Sanctae</span> <span class='ocrx_word' id='word_1_3' title='bbox 457 223 638 263; x_wconf 87' lang='lat' dir='ltr'>pudicitiae</span> <span class='ocrx_word' id='word_1_4' title='bbox 913 226 969 260; x_wconf 85' lang='lat'>13.</span> <span class='ocrx_word' id='word_1_5' title='bbox 996 223 1065 260; x_wconf 87' lang='lat' dir='ltr'>Nec</span> <span class='ocrx_word' id='word_1_6' title='bbox 1087 236 1150 259; x_wconf 86' lang='lat' dir='ltr'>non</span> <span class='ocrx_word' id='word_1_7' title='bbox 1177 225 1368 258; x_wconf 87' lang='lat' dir='ltr'>necessariis</span> 
     </span>
     <span class='ocr_line' id='line_1_3' title="bbox 341 271 1352 316; baseline 0.004 -14"><span class='ocrx_word' id='word_1_8' title='bbox 341 271 426 303; x_wconf 87' lang='lat' dir='ltr'>Mihi</span> <span class='ocrx_word' id='word_1_9' title='bbox 449 271 506 303; x_wconf 89' lang='lat' dir='ltr'>des</span> <span class='ocrx_word' id='word_1_10' title='bbox 534 281 687 316; x_wconf 85' lang='lat' dir='ltr'>amorem,</span> <span class='ocrx_word' id='word_1_11' title='bbox 1044 275 1139 315; x_wconf 83' lang='lat' dir='ltr'>Meis,</span> <span class='ocrx_word' id='word_1_12' title='bbox 1167 275 1233 307; x_wconf 88' lang='lat' dir='ltr'>suis</span> <span class='ocrx_word' id='word_1_13' title='bbox 1259 274 1352 307; x_wconf 90' lang='lat' dir='ltr'>bonis</span> 
     </span>
     <span class='ocr_line' id='line_1_4' title="bbox 292 318 1251 364; baseline 0.004 -13"><span class='ocrx_word' id='word_1_14' title='bbox 292 318 426 352; x_wconf 81' lang='lat' dir='ltr'>Foedae</span> <span class='ocrx_word' id='word_1_15' title='bbox 451 329 513 360; x_wconf 90' lang='lat' dir='ltr'>quo</span> <span class='ocrx_word' id='word_1_16' title='bbox 539 321 694 354; x_wconf 79' lang='lat' dir='ltr'>lasciviae</span> <span class='ocrx_word' id='word_1_17' title='bbox 994 323 1251 364; x_wconf 88' lang='lat' dir='ltr'>Elemosynariis</span> 
     </span>
     <span class='ocr_line' id='line_1_5' title="bbox 340 367 1420 412; baseline 0.005 -13"><span class='ocrx_word' id='word_1_18' title='bbox 340 367 479 409; x_wconf 85' lang='lat' dir='ltr'>Fugiam</span> <span class='ocrx_word' id='word_1_19' title='bbox 504 367 672 403; x_wconf 88' lang='lat' dir='ltr'>foetorem.</span> <span class='ocrx_word' id='word_1_20' title='bbox 1044 372 1185 411; x_wconf 77' lang='lat' dir='ltr'>Quorum</span> <span class='ocrx_word' id='word_1_21' title='bbox 1214 376 1289 404; x_wconf 88' lang='lat' dir='ltr'>utor</span> <span class='ocrx_word' id='word_1_22' title='bbox 1316 371 1420 412; x_wconf 85' lang='lat' dir='ltr'>donis,</span> 
     </span>
     <span class='ocr_line' id='line_1_6' title="bbox 225 419 1373 461; baseline 0 -9"><span class='ocrx_word' id='word_1_23' title='bbox 225 450 230 456; x_wconf 76' lang='grc'>,</span> <span class='ocrx_word' id='word_1_24' title='bbox 586 446 592 452; x_wconf 97' lang='grc'><strong><em>.</em></strong></span> <span class='ocrx_word' id='word_1_25' title='bbox 993 419 1151 460; x_wconf 82' lang='lat' dir='ltr'>Repende</span> <span class='ocrx_word' id='word_1_26' title='bbox 1175 429 1235 460; x_wconf 87' lang='lat' dir='ltr'>pro</span> <span class='ocrx_word' id='word_1_27' title='bbox 1260 420 1373 461; x_wconf 83' lang='lat' dir='ltr'>gratiis</span> 
     </span>
     <span class='ocr_line' id='line_1_7' title="bbox 224 441 1294 501; baseline 0.001 -23"><span class='ocrx_word' id='word_1_28' title='bbox 224 445 264 479; x_wconf 73' lang='lat'>8.</span> <span class='ocrx_word' id='word_1_29' title='bbox 291 441 473 479; x_wconf 85' lang='lat' dir='ltr'>Haeresum</span> <span class='ocrx_word' id='word_1_30' title='bbox 497 445 658 479; x_wconf 75' lang='lat' dir='ltr'>mortifica</span> <span class='ocrx_word' id='word_1_31' title='bbox 1042 468 1126 501; x_wconf 66' lang='lat' dir='ltr'>Suae</span> <span class='ocrx_word' id='word_1_32' title='bbox 1155 467 1294 500; x_wconf 56' lang='lat' dir='ltr'>dationis</span> 
     </span>
     <span class='ocr_line' id='line_1_8' title="bbox 340 494 1358 557; baseline 0 -9"><span class='ocrx_word' id='word_1_33' title='bbox 340 494 474 527; x_wconf 66' lang='lat' dir='ltr'>Venena</span> <span class='ocrx_word' id='word_1_34' title='bbox 501 494 631 534; x_wconf 53' lang='lat' dir='ltr'>‘hveme&#39;</span> <span class='ocrx_word' id='word_1_35' title='bbox 992 516 1031 549; x_wconf 92' lang='lat' dir='ltr'>In</span> <span class='ocrx_word' id='word_1_36' title='bbox 1056 520 1208 549; x_wconf 79' lang='lat' dir='ltr'>aeternae</span> <span class='ocrx_word' id='word_1_37' title='bbox 1232 516 1358 557; x_wconf 86' lang='lat' dir='ltr'>gaudiis</span> 
     </span>
     <span class='ocr_line' id='line_1_9' title="bbox 291 541 1314 597; baseline 0 -1"><span class='ocrx_word' id='word_1_38' title='bbox 291 541 383 574; x_wconf 69' lang='lat' dir='ltr'>Mala</span> <span class='ocrx_word' id='word_1_39' title='bbox 408 551 535 583; x_wconf 67' lang='lat' dir='ltr'><strong>quoque</strong></span> <span class='ocrx_word' id='word_1_40' title='bbox 560 547 668 575; x_wconf 63' lang='lat' dir='ltr'>cetera</span> <span class='ocrx_word' id='word_1_41' title='bbox 1042 563 1314 597; x_wconf 84' lang='lat' dir='ltr'>Retributationis</span> 
     </span>
     <span class='ocr_line' id='line_1_10' title="bbox 339 589 626 634; baseline -0.003 -11"><span class='ocrx_word' id='word_1_42' title='bbox 339 590 415 623; x_wconf 85' lang='lat' dir='ltr'>odii</span> <span class='ocrx_word' id='word_1_43' title='bbox 441 599 512 623; x_wconf 87' lang='lat' dir='ltr'>cum</span> <span class='ocrx_word' id='word_1_44' title='bbox 539 589 626 634; x_wconf 86' lang='lat' dir='ltr'>felle,</span> 
     </span>
     <span class='ocr_line' id='line_1_11' title="bbox 289 638 1328 680; baseline 0.003 -10"><span class='ocrx_word' id='word_1_45' title='bbox 289 638 336 670; x_wconf 84' lang='lat' dir='ltr'>Et</span> <span class='ocrx_word' id='word_1_46' title='bbox 362 647 418 671; x_wconf 90' lang='lat' dir='ltr'>cor</span> <span class='ocrx_word' id='word_1_47' title='bbox 441 648 548 671; x_wconf 90' lang='lat' dir='ltr'>meum</span> <span class='ocrx_word' id='word_1_48' title='bbox 572 648 692 680; x_wconf 86' lang='lat' dir='ltr'>repara</span> <span class='ocrx_word' id='word_1_49' title='bbox 910 642 966 677; x_wconf 81' lang='lat'>14.</span> <span class='ocrx_word' id='word_1_50' title='bbox 994 638 1018 676; x_wconf 91' lang='grc' dir='ltr'>Ο</span> <span class='ocrx_word' id='word_1_51' title='bbox 1048 641 1196 674; x_wconf 83' lang='lat' dir='ltr'>coelestis</span> <span class='ocrx_word' id='word_1_52' title='bbox 1220 641 1328 673; x_wconf 84' lang='lat' dir='ltr'>curiae</span> 
     </span>
     <span class='ocr_line' id='line_1_12' title="bbox 340 686 1387 731; baseline 0.003 -12"><span class='ocrx_word' id='word_1_53' title='bbox 340 686 529 720; x_wconf 81' lang='lat' dir='ltr'>Gratiarum</span> <span class='ocrx_word' id='word_1_54' title='bbox 554 688 661 729; x_wconf 89' lang='lat' dir='ltr'>melle,</span> <span class='ocrx_word' id='word_1_55' title='bbox 1042 691 1160 723; x_wconf 84' lang='lat' dir='ltr'>Potens</span> <span class='ocrx_word' id='word_1_56' title='bbox 1185 689 1387 731; x_wconf 80' lang='lat' dir='ltr'>imperatrix,</span> 
     </span>
     <span class='ocr_line' id='line_1_13' title="bbox 288 734 1358 779; baseline 0.003 -12"><span class='ocrx_word' id='word_1_57' title='bbox 288 734 363 767; x_wconf 86' lang='lat' dir='ltr'>Heu</span> <span class='ocrx_word' id='word_1_58' title='bbox 388 734 429 767; x_wconf 90' lang='lat' dir='ltr'>ob</span> <span class='ocrx_word' id='word_1_59' title='bbox 455 736 557 768; x_wconf 84' lang='lat' dir='ltr'>multa</span> <span class='ocrx_word' id='word_1_60' title='bbox 581 736 706 768; x_wconf 86' lang='lat' dir='ltr'>scelera</span> <span class='ocrx_word' id='word_1_61' title='bbox 990 739 1078 772; x_wconf 85' lang='lat' dir='ltr'>Fons</span> <span class='ocrx_word' id='word_1_62' title='bbox 1104 738 1358 779; x_wconf 85' lang='lat' dir='ltr'>misen&#39;cordiae,</span> 
     </span>
     <span class='ocr_line' id='line_1_14' title="bbox 337 783 1355 826; baseline 0.003 -11"><span class='ocrx_word' id='word_1_63' title='bbox 337 783 480 824; x_wconf 84' lang='lat' dir='ltr'>Legibus</span> <span class='ocrx_word' id='word_1_64' title='bbox 506 783 639 818; x_wconf 87' lang='lat' dir='ltr'>rebelle.</span> <span class='ocrx_word' id='word_1_65' title='bbox 1038 788 1134 819; x_wconf 83' lang='lat' dir='ltr'>Vitae</span> <span class='ocrx_word' id='word_1_66' title='bbox 1160 786 1355 826; x_wconf 79' lang='lat' dir='ltr'>reparatrix,</span> 
     </span>
     <span class='ocr_line' id='line_1_15' title="bbox 443 834 1391 874; baseline -0.001 -7"><span class='ocrx_word' id='word_1_67' title='bbox 443 861 449 867; x_wconf 96' lang='lat'>.</span> <span class='ocrx_word' id='word_1_68' title='bbox 511 861 517 867; x_wconf 91' lang='lat'>.</span> <span class='ocrx_word' id='word_1_69' title='bbox 988 835 1126 868; x_wconf 84' lang='lat' dir='ltr'>Nostras</span> <span class='ocrx_word' id='word_1_70' title='bbox 1152 843 1266 874; x_wconf 86' lang='lat' dir='ltr'>preces</span> <span class='ocrx_word' id='word_1_71' title='bbox 1292 834 1391 867; x_wconf 89' lang='lat' dir='ltr'>hodie</span> 
     </span>
     <span class='ocr_line' id='line_1_16' title="bbox 221 857 1358 942; baseline -0.001 -27"><span class='ocrx_word' id='word_1_72' title='bbox 221 861 260 893; x_wconf 63' lang='lat'>9·</span> <span class='ocrx_word' id='word_1_73' title='bbox 287 857 542 941; x_wconf 43' lang='lat' dir='ltr'>Inffbedoentia</span> <span class='ocrx_word' id='word_1_74' title='bbox 589 910 609 942; x_wconf 76' lang='lat' dir='ltr'>d</span> <span class='ocrx_word' id='word_1_75' title='bbox 632 912 645 941; x_wconf 62' lang='lat' dir='ltr'>t</span> <span class='ocrx_word' id='word_1_76' title='bbox 1038 884 1137 922; x_wconf 87' lang='lat' dir='ltr'>Audi,</span> <span class='ocrx_word' id='word_1_77' title='bbox 1163 882 1358 926; x_wconf 77' lang='lat' dir='ltr'>miseratrix,</span> 
     </span>
     <span class='ocr_line' id='line_1_17' title="bbox 355 918 1363 964; baseline -0.002 0"><span class='ocrx_word' id='word_1_78' title='bbox 355 918 485 964; x_wconf 67' lang='lat' dir='ltr'>,amque</span> <span class='ocrx_word' id='word_1_79' title='bbox 511 919 588 964; x_wconf 64' lang='lat' dir='ltr'>man.</span> <span class='ocrx_word' id='word_1_80' title='bbox 611 919 631 942; x_wconf 57' lang='grc' dir='ltr'>θ’</span> <span class='ocrx_word' id='word_1_81' title='bbox 647 919 738 942; x_wconf 67' lang='lat' dir='ltr'>orum</span> <span class='ocrx_word' id='word_1_82' title='bbox 987 932 1034 964; x_wconf 81' lang='lat' dir='ltr'>Et</span> <span class='ocrx_word' id='word_1_83' title='bbox 1057 934 1189 964; x_wconf 79' lang='lat' dir='ltr'>nostrae</span> <span class='ocrx_word' id='word_1_84' title='bbox 1214 930 1363 963; x_wconf 87' lang='lat' dir='ltr'>miseriae</span> 
     </span>
     <span class='ocr_line' id='line_1_18' title="bbox 285 957 1354 1039; baseline 0.002 -27"><span class='ocrx_word' id='word_1_85' title='bbox 285 957 381 1039; x_wconf 50' lang='lat' dir='ltr'><strong>Dasss</strong></span> <span class='ocrx_word' id='word_1_86' title='bbox 406 958 447 990; x_wconf 67' lang='lat' dir='ltr'>ab</span> <span class='ocrx_word' id='word_1_87' title='bbox 475 958 612 1013; x_wconf 45' lang='grc' dir='ltr'>9901θὸΙᾶ</span> <span class='ocrx_word' id='word_1_88' title='bbox 1035 980 1117 1012; x_wconf 87' lang='lat' dir='ltr'>Esto</span> <span class='ocrx_word' id='word_1_89' title='bbox 1141 979 1354 1014; x_wconf 80' lang='lat' dir='ltr'>sublevatrix.</span> 
     </span>
     <span class='ocr_line' id='line_1_19' title="bbox 362 1008 611 1039; baseline 0.004 -1"><span class='ocrx_word' id='word_1_90' title='bbox 362 1010 376 1038; x_wconf 82' lang='lat' dir='ltr'>t,</span> <span class='ocrx_word' id='word_1_91' title='bbox 400 1008 611 1039; x_wconf 80' lang='lat' dir='ltr'>conciliorum</span> 
     </span>
     <span class='ocr_line' id='line_1_20' title="bbox 286 1054 1443 1100; baseline 0 -12"><span class='ocrx_word' id='word_1_92' title='bbox 286 1054 405 1088; x_wconf 90' lang='lat' dir='ltr'>Obstiti</span> <span class='ocrx_word' id='word_1_93' title='bbox 429 1055 564 1087; x_wconf 82' lang='lat' dir='ltr'>audacia</span> <span class='ocrx_word' id='word_1_94' title='bbox 905 1057 961 1091; x_wconf 84' lang='lat'>15.</span> <span class='ocrx_word' id='word_1_95' title='bbox 988 1054 1101 1100; x_wconf 84' lang='lat' dir='ltr'>Porta,</span> <span class='ocrx_word' id='word_1_96' title='bbox 1130 1065 1225 1096; x_wconf 88' lang='lat' dir='ltr'>quam</span> <span class='ocrx_word' id='word_1_97' title='bbox 1251 1057 1443 1095; x_wconf 79' lang='lat' dir='ltr'>pertransiit</span> 
     </span>
     <span class='ocr_line' id='line_1_21' title="bbox 335 1103 1389 1145; baseline 0.001 -10"><span class='ocrx_word' id='word_1_98' title='bbox 335 1103 430 1136; x_wconf 86' lang='lat' dir='ltr'>More</span> <span class='ocrx_word' id='word_1_99' title='bbox 455 1103 679 1144; x_wconf 82' lang='lat' dir='ltr'>superborum,</span> <span class='ocrx_word' id='word_1_100' title='bbox 1037 1105 1194 1144; x_wconf 83' lang='lat' dir='ltr'>Princeps</span> <span class='ocrx_word' id='word_1_101' title='bbox 1220 1104 1389 1145; x_wconf 83' lang='lat' dir='ltr'>gloriosus,</span> 
     </span>
     <span class='ocr_line' id='line_1_22' title="bbox 285 1151 1358 1194; baseline 0 -10"><span class='ocrx_word' id='word_1_102' title='bbox 285 1151 418 1184; x_wconf 77' lang='lat' dir='ltr'>concite</span> <span class='ocrx_word' id='word_1_103' title='bbox 444 1161 504 1192; x_wconf 87' lang='lat' dir='ltr'>per</span> <span class='ocrx_word' id='word_1_104' title='bbox 533 1152 622 1184; x_wconf 88' lang='lat' dir='ltr'>invia</span> <span class='ocrx_word' id='word_1_105' title='bbox 989 1153 1087 1194; x_wconf 81' lang='lat' dir='ltr'>Cujus</span> <span class='ocrx_word' id='word_1_106' title='bbox 1112 1162 1215 1194; x_wconf 86' lang='lat' dir='ltr'>pausa</span> <span class='ocrx_word' id='word_1_107' title='bbox 1241 1153 1358 1184; x_wconf 87' lang='lat' dir='ltr'>sanciit</span> 
     </span>
     <span class='ocr_line' id='line_1_23' title="bbox 333 1198 1423 1243; baseline -0.001 -9"><span class='ocrx_word' id='word_1_108' title='bbox 333 1200 474 1234; x_wconf 88' lang='lat' dir='ltr'>Gurrens</span> <span class='ocrx_word' id='word_1_109' title='bbox 500 1200 662 1232; x_wconf 85' lang='lat' dir='ltr'>vitiorum.</span> <span class='ocrx_word' id='word_1_110' title='bbox 1035 1202 1083 1234; x_wconf 88' lang='lat' dir='ltr'>Te</span> <span class='ocrx_word' id='word_1_111' title='bbox 1107 1203 1143 1233; x_wconf 88' lang='lat' dir='ltr'>ut</span> <span class='ocrx_word' id='word_1_112' title='bbox 1168 1198 1226 1233; x_wconf 90' lang='lat' dir='ltr'>fios</span> <span class='ocrx_word' id='word_1_113' title='bbox 1254 1199 1423 1243; x_wconf 83' lang='lat' dir='ltr'>formosus,</span> 
     </span>
     <span class='ocr_line' id='line_1_24' title="bbox 358 1249 1269 1284; baseline -0.004 -1"><span class='ocrx_word' id='word_1_114' title='bbox 358 1277 365 1283; x_wconf 93' lang='lat'>.</span> <span class='ocrx_word' id='word_1_115' title='bbox 539 1277 545 1283; x_wconf 95' lang='lat'>.</span> <span class='ocrx_word' id='word_1_116' title='bbox 987 1250 1127 1284; x_wconf 86' lang='lat' dir='ltr'>Coluber</span> <span class='ocrx_word' id='word_1_117' title='bbox 1152 1249 1269 1280; x_wconf 80' lang='lat' dir='ltr'>resiliit</span> 
     </span>
     <span class='ocr_line' id='line_1_25' title="bbox 194 1274 1311 1331; baseline -0.001 -21"><span class='ocrx_word' id='word_1_118' title='bbox 194 1277 255 1310; x_wconf 74' lang='lat'>10.</span> <span class='ocrx_word' id='word_1_119' title='bbox 282 1274 437 1311; x_wconf 87' lang='lat' dir='ltr'>Kar1tate</span> <span class='ocrx_word' id='word_1_120' title='bbox 460 1277 570 1309; x_wconf 83' lang='lat' dir='ltr'>media</span> <span class='ocrx_word' id='word_1_121' title='bbox 1033 1300 1064 1331; x_wconf 78' lang='lat' dir='ltr'>A</span> <span class='ocrx_word' id='word_1_122' title='bbox 1088 1302 1121 1331; x_wconf 60' lang='lat' dir='ltr'>te</span> <span class='ocrx_word' id='word_1_123' title='bbox 1147 1300 1311 1329; x_wconf 60' lang='lat' dir='ltr'><strong>tortuosus</strong></span> 
     </span>
     <span class='ocr_line' id='line_1_26' title="bbox 332 1322 1331 1388; baseline -0.006 -30"><span class='ocrx_word' id='word_1_124' title='bbox 332 1326 481 1358; x_wconf 85' lang='lat' dir='ltr'>Thronus</span> <span class='ocrx_word' id='word_1_125' title='bbox 509 1334 543 1357; x_wconf 86' lang='lat' dir='ltr'>es</span> <span class='ocrx_word' id='word_1_126' title='bbox 570 1328 764 1365; x_wconf 84' lang='lat' dir='ltr'>constratus,</span> <span class='ocrx_word' id='word_1_127' title='bbox 983 1347 1042 1386; x_wconf 60' lang='lat' dir='ltr'>Qui</span> <span class='ocrx_word' id='word_1_128' title='bbox 1069 1348 1222 1388; x_wconf 55' lang='lat' dir='ltr'>Parentes</span> <span class='ocrx_word' id='word_1_129' title='bbox 1249 1322 1331 1377; x_wconf 65' lang='lat' dir='ltr'>adfi’t</span> 
     </span>
     <span class='ocr_line' id='line_1_27' title="bbox 282 1374 1409 1434; baseline -0.001 -27"><span class='ocrx_word' id='word_1_130' title='bbox 282 1374 350 1413; x_wconf 80' lang='lat' dir='ltr'>Quo</span> <span class='ocrx_word' id='word_1_131' title='bbox 374 1375 467 1429; x_wconf 79' lang='lat' dir='ltr'>ponit</span> <span class='ocrx_word' id='word_1_132' title='bbox 492 1374 637 1406; x_wconf 86' lang='lat' dir='ltr'>remedia</span> <span class='ocrx_word' id='word_1_133' title='bbox 1032 1395 1078 1429; x_wconf 61' lang='lat' dir='ltr'>Ut</span> <span class='ocrx_word' id='word_1_134' title='bbox 1104 1402 1238 1434; x_wconf 87' lang='lat' dir='ltr'>serpens</span> <span class='ocrx_word' id='word_1_135' title='bbox 1267 1394 1409 1429; x_wconf 45' lang='lat' dir='ltr'><strong>dolosus·</strong></span> 
     </span>
     <span class='ocr_line' id='line_1_28' title="bbox 329 1422 642 1461; baseline -0.003 -7"><span class='ocrx_word' id='word_1_136' title='bbox 329 1422 418 1455; x_wconf 89' lang='lat' dir='ltr'>Deus</span> <span class='ocrx_word' id='word_1_137' title='bbox 444 1426 642 1461; x_wconf 80' lang='lat' dir='ltr'>incarnatus,</span> 
     </span>
     <span class='ocr_line' id='line_1_29' title="bbox 281 1470 1295 1512; baseline -0.002 -8"><span class='ocrx_word' id='word_1_138' title='bbox 281 1471 389 1505; x_wconf 87' lang='lat' dir='ltr'>Cosmi</span> <span class='ocrx_word' id='word_1_139' title='bbox 415 1470 508 1503; x_wconf 88' lang='lat' dir='ltr'>aufer</span> <span class='ocrx_word' id='word_1_140' title='bbox 532 1471 653 1511; x_wconf 84' lang='lat' dir='ltr'>taedia,</span> <span class='ocrx_word' id='word_1_141' title='bbox 899 1472 955 1506; x_wconf 88' lang='lat'>16.</span> <span class='ocrx_word' id='word_1_142' title='bbox 983 1470 1130 1512; x_wconf 75' lang='lat' dir='ltr'>Quatuor</span> <span class='ocrx_word' id='word_1_143' title='bbox 1156 1470 1295 1504; x_wconf 86' lang='lat' dir='ltr'>confinia</span> 
     </span>
     <span class='ocr_line' id='line_1_30' title="bbox 327 1520 1401 1558; baseline -0.001 -5"><span class='ocrx_word' id='word_1_144' title='bbox 327 1521 408 1553; x_wconf 89' lang='lat' dir='ltr'>Peto</span> <span class='ocrx_word' id='word_1_145' title='bbox 433 1520 621 1558; x_wconf 89' lang='lat' dir='ltr'>inclinatus,</span> <span class='ocrx_word' id='word_1_146' title='bbox 1029 1520 1103 1553; x_wconf 86' lang='lat' dir='ltr'>Jam</span> <span class='ocrx_word' id='word_1_147' title='bbox 1125 1520 1213 1552; x_wconf 89' lang='lat' dir='ltr'>orbis</span> <span class='ocrx_word' id='word_1_148' title='bbox 1238 1522 1401 1552; x_wconf 83' lang='lat' dir='ltr'>terrarum</span> 
     </span>
     <span class='ocr_line' id='line_1_31' title="bbox 279 1568 1321 1609; baseline -0.001 -8"><span class='ocrx_word' id='word_1_149' title='bbox 279 1568 439 1601; x_wconf 84' lang='lat' dir='ltr'>Causatur</span> <span class='ocrx_word' id='word_1_150' title='bbox 464 1568 574 1601; x_wconf 84' lang='lat' dir='ltr'>inedia</span> <span class='ocrx_word' id='word_1_151' title='bbox 980 1570 1052 1603; x_wconf 83' lang='lat' dir='ltr'>Tua</span> <span class='ocrx_word' id='word_1_152' title='bbox 1079 1569 1119 1602; x_wconf 91' lang='lat' dir='ltr'>ob</span> <span class='ocrx_word' id='word_1_153' title='bbox 1145 1569 1321 1609; x_wconf 86' lang='lat' dir='ltr'>praeconia</span> 
     </span>
     <span class='ocr_line' id='line_1_32' title="bbox 328 1617 1412 1659; baseline -0.001 -9"><span class='ocrx_word' id='word_1_154' title='bbox 328 1617 450 1657; x_wconf 76' lang='lat' dir='ltr'>Quibus</span> <span class='ocrx_word' id='word_1_155' title='bbox 481 1619 529 1649; x_wconf 89' lang='lat' dir='ltr'>est</span> <span class='ocrx_word' id='word_1_156' title='bbox 555 1621 675 1650; x_wconf 82' lang='lat' dir='ltr'>reatus,</span> <span class='ocrx_word' id='word_1_157' title='bbox 1026 1618 1168 1659; x_wconf 74' lang='lat' dir='ltr'>Jubilant</span> <span class='ocrx_word' id='word_1_158' title='bbox 1195 1626 1259 1649; x_wconf 90' lang='lat' dir='ltr'>non</span> <span class='ocrx_word' id='word_1_159' title='bbox 1284 1626 1412 1658; x_wconf 80' lang='lat' dir='ltr'>pamm,</span> 
     </span>
     <span class='ocr_line' id='line_1_33' title="bbox 190 1666 1316 1748; baseline -0.001 -24"><span class='ocrx_word' id='word_1_160' title='bbox 190 1690 249 1724; x_wconf 84' lang='lat'>11.</span> <span class='ocrx_word' id='word_1_161' title='bbox 277 1687 403 1725; x_wconf 89' lang='lat' dir='ltr'>Lumen</span> <span class='ocrx_word' id='word_1_162' title='bbox 428 1693 561 1731; x_wconf 89' lang='lat' dir='ltr'>praesto</span> <span class='ocrx_word' id='word_1_163' title='bbox 586 1690 714 1722; x_wconf 88' lang='lat' dir='ltr'>miseris</span> <span class='ocrx_word' id='word_1_164' title='bbox 980 1666 1316 1748; x_wconf 47' lang='grc' dir='ltr'>Νᾶἒὶοῃῖἱζὲῇέἓὲἓξ</span> 
     </span>
    </p>
   </div>
   <div class='ocr_carea' id='block_1_3' title="bbox 279 1739 726 1877">
    <p class='ocr_par' dir='ltr' id='par_1_3' title="bbox 279 1739 726 1877">
     <span class='ocr_line' id='line_1_34' title="bbox 325 1739 664 1781; baseline -0.003 -10"><span class='ocrx_word' id='word_1_165' title='bbox 325 1739 500 1771; x_wconf 84' lang='lat' dir='ltr'>Munerum</span> <span class='ocrx_word' id='word_1_166' title='bbox 525 1741 664 1781; x_wconf 85' lang='lat' dir='ltr'>tuorum,</span> 
     </span>
     <span class='ocr_line' id='line_1_35' title="bbox 279 1786 699 1820; baseline -0.002 0"><span class='ocrx_word' id='word_1_167' title='bbox 279 1786 471 1820; x_wconf 87' lang='lat' dir='ltr'>Constrictis</span> <span class='ocrx_word' id='word_1_168' title='bbox 494 1788 529 1820; x_wconf 91' lang='lat' dir='ltr'>in</span> <span class='ocrx_word' id='word_1_169' title='bbox 555 1787 699 1819; x_wconf 88' lang='lat' dir='ltr'>tenebris</span> 
     </span>
     <span class='ocr_line' id='line_1_36' title="bbox 324 1837 726 1877; baseline -0.005 -7"><span class='ocrx_word' id='word_1_170' title='bbox 324 1837 455 1870; x_wconf 89' lang='lat' dir='ltr'>Taetris</span> <span class='ocrx_word' id='word_1_171' title='bbox 480 1839 726 1877; x_wconf 85' lang='lat' dir='ltr'>tormentorum,</span> 
     </span>
    </p>
   </div>
   <div class='ocr_carea' id='block_1_4' title="bbox 980 1763 1354 1845">
    <p class='ocr_par' dir='ltr' id='par_1_4' title="bbox 980 1763 1354 1845">
     <span class='ocr_line' id='line_1_37' title="bbox 980 1763 1325 1803; baseline -0.009 -6"><span class='ocrx_word' id='word_1_172' title='bbox 980 1765 1119 1797; x_wconf 86' lang='lat' dir='ltr'>Precum</span> <span class='ocrx_word' id='word_1_173' title='bbox 1141 1763 1325 1803; x_wconf 85' lang='lat' dir='ltr'>patrocinia</span> 
     </span>
     <span class='ocr_line' id='line_1_38' title="bbox 1030 1811 1354 1845; baseline -0.006 0"><span class='ocrx_word' id='word_1_174' title='bbox 1030 1811 1194 1845; x_wconf 85' lang='lat' dir='ltr'>Auferunt</span> <span class='ocrx_word' id='word_1_175' title='bbox 1216 1814 1354 1844; x_wconf 82' lang='lat' dir='ltr'>tuarum.</span> 
     </span>
    </p>
   </div>
   <div class='ocr_carea' id='block_1_5' title="bbox 186 1883 1415 2492">
    <p class='ocr_par' dir='ltr' id='par_1_5' title="bbox 186 1883 1415 2492">
     <span class='ocr_line' id='line_1_39' title="bbox 275 1883 1398 1924; baseline -0.001 -7"><span class='ocrx_word' id='word_1_176' title='bbox 275 1884 323 1918; x_wconf 87' lang='lat' dir='ltr'>Ut</span> <span class='ocrx_word' id='word_1_177' title='bbox 347 1886 462 1918; x_wconf 87' lang='lat' dir='ltr'>solutis</span> <span class='ocrx_word' id='word_1_178' title='bbox 490 1885 609 1918; x_wconf 85' lang='lat' dir='ltr'>debitis</span> <span class='ocrx_word' id='word_1_179' title='bbox 895 1886 952 1919; x_wconf 86' lang='lat'>17.</span> <span class='ocrx_word' id='word_1_180' title='bbox 979 1883 1048 1920; x_wconf 88' lang='lat' dir='ltr'>Res</span> <span class='ocrx_word' id='word_1_181' title='bbox 1073 1884 1223 1918; x_wconf 87' lang='lat' dir='ltr'>miranda</span> <span class='ocrx_word' id='word_1_182' title='bbox 1248 1884 1398 1924; x_wconf 84' lang='lat' dir='ltr'>saeculis,</span> 
     </span>
     <span class='ocr_line' id='line_1_40' title="bbox 325 1933 1415 1976; baseline -0.002 -8"><span class='ocrx_word' id='word_1_183' title='bbox 325 1934 503 1968; x_wconf 83' lang='lat' dir='ltr'>Criminum</span> <span class='ocrx_word' id='word_1_184' title='bbox 526 1943 636 1967; x_wconf 87' lang='lat' dir='ltr'>eorum</span> <span class='ocrx_word' id='word_1_185' title='bbox 1027 1934 1093 1967; x_wconf 83' lang='lat' dir='ltr'>Res</span> <span class='ocrx_word' id='word_1_186' title='bbox 1124 1942 1250 1974; x_wconf 86' lang='lat' dir='ltr'>quoque</span> <span class='ocrx_word' id='word_1_187' title='bbox 1274 1933 1415 1976; x_wconf 81' lang='lat' dir='ltr'>novella,</span> 
     </span>
     <span class='ocr_line' id='line_1_41' title="bbox 275 1981 1366 2025; baseline -0.001 -10"><span class='ocrx_word' id='word_1_188' title='bbox 275 1982 460 2025; x_wconf 85' lang='lat' dir='ltr'>Jungantur</span> <span class='ocrx_word' id='word_1_189' title='bbox 485 1984 519 2015; x_wconf 90' lang='lat' dir='ltr'>in</span> <span class='ocrx_word' id='word_1_190' title='bbox 545 1983 673 2023; x_wconf 84' lang='lat' dir='ltr'>superis</span> <span class='ocrx_word' id='word_1_191' title='bbox 977 1983 1062 2016; x_wconf 80' lang='lat' dir='ltr'>Nam</span> <span class='ocrx_word' id='word_1_192' title='bbox 1088 1982 1138 2016; x_wconf 90' lang='lat' dir='ltr'>sol</span> <span class='ocrx_word' id='word_1_193' title='bbox 1163 1981 1366 2014; x_wconf 87' lang='lat' dir='ltr'>admirabilis</span> 
     </span>
     <span class='ocr_line' id='line_1_42' title="bbox 323 2031 1391 2075; baseline -0.003 -10"><span class='ocrx_word' id='word_1_194' title='bbox 323 2031 436 2065; x_wconf 89' lang='lat' dir='ltr'>Coetui</span> <span class='ocrx_word' id='word_1_195' title='bbox 458 2036 655 2065; x_wconf 86' lang='lat' dir='ltr'>sanctorum.</span> <span class='ocrx_word' id='word_1_196' title='bbox 1026 2031 1193 2066; x_wconf 84' lang='lat' dir='ltr'>Processit</span> <span class='ocrx_word' id='word_1_197' title='bbox 1219 2031 1259 2063; x_wconf 89' lang='lat' dir='ltr'>de</span> <span class='ocrx_word' id='word_1_198' title='bbox 1284 2031 1391 2075; x_wconf 84' lang='lat' dir='ltr'>stella,</span> 
     </span>
     <span class='ocr_line' id='line_1_43' title="bbox 186 2079 1341 2161; baseline -0.003 -22"><span class='ocrx_word' id='word_1_199' title='bbox 186 2106 247 2141; x_wconf 76' lang='lat'>12.</span> <span class='ocrx_word' id='word_1_200' title='bbox 275 2102 444 2148; x_wconf 80' lang='lat' dir='ltr'>Magisque</span> <span class='ocrx_word' id='word_1_201' title='bbox 475 2105 642 2138; x_wconf 87' lang='lat' dir='ltr'>humiliter</span> <span class='ocrx_word' id='word_1_202' title='bbox 977 2081 1066 2144; x_wconf 54' lang='lat' dir='ltr'><strong>Deuf</strong></span> <span class='ocrx_word' id='word_1_203' title='bbox 1093 2083 1142 2114; x_wconf 61' lang='lat' dir='ltr'>est</span> <span class='ocrx_word' id='word_1_204' title='bbox 1161 2079 1341 2161; x_wconf 40' lang='lat' dir='ltr'>gandabssllls</span> 
     </span>
     <span class='ocr_line' id='line_1_44' title="bbox 321 2131 1374 2210; baseline -0.005 -22"><span class='ocrx_word' id='word_1_205' title='bbox 321 2159 353 2187; x_wconf 89' lang='lat' dir='ltr'>et</span> <span class='ocrx_word' id='word_1_206' title='bbox 380 2155 479 2188; x_wconf 86' lang='lat' dir='ltr'>corde</span> <span class='ocrx_word' id='word_1_207' title='bbox 504 2154 663 2196; x_wconf 86' lang='lat' dir='ltr'>gemendo</span> <span class='ocrx_word' id='word_1_208' title='bbox 1028 2131 1133 2185; x_wconf 23' lang='lat' dir='ltr'><strong>patus</strong></span> <span class='ocrx_word' id='word_1_209' title='bbox 1184 2137 1290 2210; x_wconf 43' lang='grc' dir='ltr'>(ἔμιξε</span> <span class='ocrx_word' id='word_1_210' title='bbox 1319 2137 1374 2210; x_wconf 60' lang='lat' dir='ltr'>a’l.</span> 
     </span>
     <span class='ocr_line' id='line_1_45' title="bbox 269 2179 1394 2261; baseline -0.004 -24"><span class='ocrx_word' id='word_1_211' title='bbox 269 2205 380 2246; x_wconf 86' lang='lat' dir='ltr'>Atque</span> <span class='ocrx_word' id='word_1_212' title='bbox 405 2204 616 2246; x_wconf 84' lang='lat' dir='ltr'>singulariter</span> <span class='ocrx_word' id='word_1_213' title='bbox 977 2179 1055 2261; x_wconf 45' lang='lat' dir='ltr'>Quss}</span> <span class='ocrx_word' id='word_1_214' title='bbox 1065 2180 1353 2260; x_wconf 45' lang='lat' dir='ltr'>flzfafflmlsmgiffiu</span> <span class='ocrx_word' id='word_1_215' title='bbox 1366 2187 1394 2210; x_wconf 47' lang='grc' dir='ltr'>ιε</span> 
     </span>
     <span class='ocr_line' id='line_1_46' title="bbox 318 2238 1345 2293; baseline -0.003 -7"><span class='ocrx_word' id='word_1_216' title='bbox 318 2253 394 2286; x_wconf 87' lang='lat' dir='ltr'>Tibi</span> <span class='ocrx_word' id='word_1_217' title='bbox 419 2254 477 2287; x_wconf 89' lang='lat' dir='ltr'>hos</span> <span class='ocrx_word' id='word_1_218' title='bbox 505 2252 705 2293; x_wconf 87' lang='lat' dir='ltr'>commendo,</span> <span class='ocrx_word' id='word_1_219' title='bbox 1057 2238 1120 2261; x_wconf 58' lang='grc' dir='ltr'>ΠΗ</span> <span class='ocrx_word' id='word_1_220' title='bbox 1340 2253 1345 2258; x_wconf 94' lang='grc'><strong>’</strong></span> 
     </span>
     <span class='ocr_line' id='line_1_47' title="bbox 269 2299 1366 2343; baseline -0.003 -8"><span class='ocrx_word' id='word_1_221' title='bbox 269 2302 375 2336; x_wconf 85' lang='lat' dir='ltr'>Carne</span> <span class='ocrx_word' id='word_1_222' title='bbox 400 2302 596 2336; x_wconf 87' lang='lat' dir='ltr'>naturaliter</span> <span class='ocrx_word' id='word_1_223' title='bbox 892 2302 948 2337; x_wconf 89' lang='lat'>18.</span> <span class='ocrx_word' id='word_1_224' title='bbox 977 2299 1151 2343; x_wconf 84' lang='lat' dir='ltr'>Seraphim</span> <span class='ocrx_word' id='word_1_225' title='bbox 1176 2300 1366 2341; x_wconf 85' lang='lat' dir='ltr'>perenniter</span> 
     </span>
     <span class='ocr_line' id='line_1_48' title="bbox 315 2350 1322 2394; baseline -0.004 -9"><span class='ocrx_word' id='word_1_226' title='bbox 315 2353 347 2385; x_wconf 88' lang='lat' dir='ltr'>A</span> <span class='ocrx_word' id='word_1_227' title='bbox 373 2352 490 2394; x_wconf 89' lang='lat' dir='ltr'>quibus</span> <span class='ocrx_word' id='word_1_228' title='bbox 518 2351 692 2393; x_wconf 84' lang='lat' dir='ltr'>descendo,</span> <span class='ocrx_word' id='word_1_229' title='bbox 1025 2351 1087 2384; x_wconf 87' lang='lat' dir='ltr'>Dei</span> <span class='ocrx_word' id='word_1_230' title='bbox 1109 2351 1206 2383; x_wconf 83' lang='lat' dir='ltr'>laude</span> <span class='ocrx_word' id='word_1_231' title='bbox 1231 2350 1322 2390; x_wconf 89' lang='lat' dir='ltr'>pleni</span> 
     </span>
     <span class='ocr_line' id='line_1_49' title="bbox 261 2398 1359 2443; baseline -0.004 -9"><span class='ocrx_word' id='word_1_232' title='bbox 261 2402 411 2441; x_wconf 78' lang='lat' dir='ltr'>Quorum</span> <span class='ocrx_word' id='word_1_233' title='bbox 436 2401 626 2443; x_wconf 85' lang='lat' dir='ltr'>specialiter</span> <span class='ocrx_word' id='word_1_234' title='bbox 974 2400 1022 2433; x_wconf 88' lang='lat' dir='ltr'>Te</span> <span class='ocrx_word' id='word_1_235' title='bbox 1046 2400 1182 2433; x_wconf 86' lang='lat' dir='ltr'>laudant</span> <span class='ocrx_word' id='word_1_236' title='bbox 1210 2398 1359 2431; x_wconf 74' lang='lat' dir='ltr'>hilariter</span> 
     </span>
     <span class='ocr_line' id='line_1_50' title="bbox 315 2448 1318 2492; baseline -0.005 -7"><span class='ocrx_word' id='word_1_237' title='bbox 315 2450 461 2485; x_wconf 86' lang='lat' dir='ltr'>Salutem</span> <span class='ocrx_word' id='word_1_238' title='bbox 486 2451 632 2484; x_wconf 86' lang='lat' dir='ltr'>intendo.</span> <span class='ocrx_word' id='word_1_239' title='bbox 1029 2450 1176 2482; x_wconf 74' lang='lat' dir='ltr'>Vultibus</span> <span class='ocrx_word' id='word_1_240' title='bbox 1202 2448 1318 2492; x_wconf 83' lang='lat' dir='ltr'>sereni,</span> 
     </span>
    </p>
   </div>
   <div class='ocr_carea' id='block_1_6' title="bbox 1295 2504 1356 2535">
    <p class='ocr_par' dir='ltr' id='par_1_6' title="bbox 1295 2504 1356 2535">
     <span class='ocr_line' id='line_1_51' title="bbox 1295 2504 1356 2535; baseline 0.016 -1"><span class='ocrx_word' id='word_1_241' title='bbox 1295 2504 1356 2535; x_wconf 87' lang='grc'>10*</span> 
     </span>
    </p>
   </div>
  </div>
 </body>
</html>
