1656 2674
761 117 1006 154 -75-

208 212 265 245 43.
295 211 320 245 O
347 221 425 246 arca
451 213 619 246 continens
1002 219 1159 253 Coelestis
1184 221 1308 261 gratiae

343 261 449 303 legem
479 265 512 294 et
536 264 685 308 gratiam,
1049 270 1169 309 pabulo
1195 270 1309 311 sagina

297 309 462 343 Virtutum
486 311 629 344 credulis
998 317 1065 359 Me,
1093 318 1148 359 qui
1174 316 1304 350 effectus
1330 327 1401 350 sum

344 359 425 392 dans
451 359 697 401 abundantiam,
1047 375 1157 399 macer
1181 375 1242 407 per
1264 367 1408 400 crimina.

293 406 451 441 Reforma
475 417 616 449 regeque

341 465 402 497 per
429 457 624 498 sapientiam

294 504 422 538 Petulci
446 506 547 537 animi

341 554 406 586 mei
430 555 610 588 lasciviam.

915 444 970 478 49.
999 444 1024 478 Ο
1052 445 1192 477 clemens
1216 453 1397 485 pauperum

1046 492 1271 536 praesidiaria,

996 541 1060 573 Per
1085 550 1181 582 quam
1205 541 1401 581 propellitur

1046 590 1149 622 omnis
1174 590 1321 630 penuria,

208 618 264 650 44¹
294 617 319 650 Ο
345 627 429 650 urna
454 626 563 661 aurea’
585 667 591 672 .
995 639 1165 671 Precantis
1192 636 1304 670 famuli

342 667 483 720 coeleste
508 669 675 721 continens
1044 687 1121 719 audi
1146 686 1296 727 suspiria,

291 713 425 757 Manna’
453 714 600 770 ndehmffl
995 735 1097 775 Quem
1122 735 1236 767 mundi
1259 735 1431 776 multiplex

340 766 465 818 mensses
491 762 650 818 refifflens’
1042 784 1163 825 premit
1187 783 1328 817 miseria.

291 811 361 844 Nos
387 820 458 852 ejus
483 820 551 844 esui

341 864 460 901 coapta
484 859 646 899 refovens,
911 862 968 895 50.
996 861 1045 893 Tu
1071 862 1140 894 veri
1166 860 1276 902 gaudii

295 907 420 941 Cuncta
446 908 615 942 obstacula
1044 918 1119 950 spes
1146 912 1179 940 et
1202 908 1333 951 fiducia,

341 957 458 997 procul
483 957 651 998 abjiciens.
998 957 1094 998 Cujus
1119 957 1240 990 intuitu

207 1019 264 1051 45.
293 1019 343 1051 Tu
368 1020 548 1060 gratiarum
574 1029 607 1052 es
1045 1006 1155 1039 diVina
1179 1005 1286 1046 grafia

982 1053 1085 1086 «Iustis
1110 1052 1279 1086 mollificat

1044 1103 1150 1134 carnis
1176 1102 1347 1142 supplicia,

994 1150 1083 1190 Quae
1107 1148 1207 1182 infert
1232 1149 1335 1182 trifidi

1041 1199 1143 1231 hostis
1168 1198 1304 1232 malitia.

339 1068 615 1109 gazophylacium,

290 1116 329 1148 In
355 1116 471 1156 quibus
496 1117 646 1156 possides

340 1165 504 1196 coelorum
530 1165 681 1205 spatium,

288 1212 351 1255 Da,
377 1221 420 1245 ne
447 1212 593 1253 decipiar

336 1259 455 1293 fraude
480 1261 641 1302 solatium,
908 1276 963 1309 51·
992 1276 1017 1309 Ο
1045 1275 1216 1308 exsultafio

288 1308 354 1342 sed
381 1310 467 1342 hanc
493 1318 684 1365 exsfmffl'em
1039 1327 1224 1357 sanctorum
1248 1324 1389 1356 omnium

333 1367 425 1391 more
450 1367 624 1399 sagacium.
989 1373 1028 1405 In
1054 1373 1131 1405 aula
1156 1373 1278 1405 coelica

199 1422 258 1454 46.
285 1421 336 1453 Tu
361 1421 584 1455 habitaculum
1040 1420 1294 1455 cohabitantium

335 1478 369 1502 es
395 1470 639 1510 sanctimoniae,
988 1469 1119 1502 Exaudi
1145 1470 1309 1510 supplices

285 1518 355 1558 Qua
381 1521 554 1551 consecuta
579 1527 613 1551 es
1038 1527 1134 1551 voces
1163 1518 1371 1551 clamantium

334 1576 487 1601 coronam
512 1567 646 1608 gloriae,
987 1567 1039 1600 Ac
1063 1567 1268 1608 purgatorias

285 1615 446 1648 Succurre
468 1616 622 1656 precibus
1036 1624 1159 1657 poenas
1182 1615 1350 1650 luentium.

332 1667 466 1697 sanctae
492 1665 659 1703 ecclesiae,

285 1712 388 1752 Quam
412 1713 516 1746 hostis
542 1714 686 1753 graviter

332 1763 464 1795 vastant
484 1762 658 1802 nequitiae.

905 1690 962 1722 52.
988 1688 1039 1720 Tu
1064 1698 1122 1721 vas
1148 1688 1279 1721 honoris
1306 1698 1339 1721 es

1037 1746 1076 1769 ac
1101 1737 1292 1778 sapientiae,

987 1784 1095 1818 Decus
1123 1790 1154 1819 et
1179 1786 1292 1826 regula

356 1838 478 1876 Caput
503 1839 685 1875 quintum.
1037 1835 1140 1868 omnis
1161 1835 1320 1875 justitiae,

197 1888 255 1922 47.
283 1888 333 1921 Tu
358 1889 553 1930 imperatrix
580 1897 613 1921 es
988 1883 1045 1916 Me
1068 1883 1140 1916 irae
1164 1884 1329 1916 vasculum

331 1937 578 1981 perpetualiter,
1036 1935 1068 1964 et
1097 1933 1312 1965 contumeliae

281 1986 434 2028 Regnans
463 1987 498 2018 in
524 1987 652 2027 superis
987 1980 1172 2014 Clementer
1197 1990 1316 2022 repara

329 2035 555 2077 imperialiter,
1034 2039 1095 2071 per
1122 2031 1207 2064 dona
1231 2031 1366 2072 gratiae.

280 2085 414 2118 Peccau
437 2084 587 2126 pondere
605 2134 610 2140 .
629 2134 636 2140 .
902 2103 958 2137 53.
986 2103 1037 2136 Tu
1060 2105 1145 2137 stola
1170 2104 1302 2146 reginae

327 2143 381 2166 me
405 2141 565 2188 pressum.
581 2134 691 2167 Whter
1033 2162 1097 2194 qua
1122 2154 1209 2186 vitae
1234 2154 1390 2187 sanctitas

278 2182 344 2216 Per
370 2184 457 2239 domi
481 2186 608 2238 granae
983 2201 1045 2234 His
1070 2202 1263 2244 instituitur,

326 2233 400 2266 leva
424 2232 585 2265 hflamffl'·
1033 2260 1169 2292 quorum
1196 2252 1359 2285 stoliditas

191 2296 249 2329 48.
275 2295 396 2328 Mundi
422 2305 506 2338 quae
532 2296 652 2329 diceris
986 2300 1092 2341 Leges
1120 2303 1358 2342 contempserat

326 2345 425 2378 totius
453 2345 594 2388 domina,
1031 2349 1151 2390 priscis
1178 2350 1350 2393 exhibitas,

277 2393 337 2428 Cui
364 2395 553 2429 deserviunt
984 2398 1061 2438 Quis
1088 2402 1145 2433 tua
1168 2399 1287 2432 nobilis

325 2445 487 2478 coelorum
513 2445 653 2489 agmina,
1031 2449 1122 2481 venit
1147 2450 1332 2491 posteritas.
