1656 2674
200 353 256 386 71.
284 352 391 396 Salve,
418 353 554 385 thronus
579 361 695 385 aureus

334 401 473 434 Sanctae
497 400 664 440 trinitatis,

285 449 386 490 Quem
413 449 513 491 cingit
539 449 697 482 eburneus

332 498 441 531 Decor
467 498 636 536 castitatis,

281 546 431 579 Exornat
454 555 638 587 purpureus

334 595 431 629 Color
457 594 612 638 caritatis,

282 643 328 676 Et
353 643 510 684 splendor
535 643 682 675 sidereus

331 692 481 725 Summae
506 691 674 724 claritatis.

199 780 255 812 72.
285 777 392 819 Salve,
419 781 510 810 terra
534 779 667 819 optima,

319 828 440 861 Carens
468 827 583 867 culpae
607 826 721 868 spinis,

285 874 352 909 Sed
376 879 409 907 et
433 874 636 907 fertilissima

329 924 507 957 Fructibus
535 923 663 958 diffinis,

284 971 412 1013 Curam,
440 982 458 1004 0
486 972 683 1011 dulcissima,

331 1021 418 1054 Gere
440 1021 503 1052 mei
529 1019 614 1062 finis,

278 1069 433 1102 Manibus
458 1078 501 1101 ne
525 1069 633 1101 anima

328 1118 434 1150 Detur
459 1117 609 1151 beluinis.

198 1205 253 1237 73.
281 1202 389 1244 Salve,
414 1204 619 1236 thesauraria

327 1253 391 1285 Dei
416 1252 604 1293 gratiarum,

278 1300 316 1333 In
341 1300 456 1333 mundi
478 1300 610 1333 miseria

327 1349 430 1382 Nobis
453 1348 695 1389 praestitamm,

277 1397 388 1431 Fletui
414 1396 567 1438 suffragia

324 1447 477 1479 Praestes
504 1446 694 1486 animarum,

278 1494 389 1528 Poena
413 1494 596 1527 carceraria

327 1543 437 1584 Stygis
465 1543 679 1576 detentarum.

194 1632 249 1665 74.
277 1629 384 1671 Salve,
410 1640 469 1663 vas
496 1630 686 1663 clementiae

325 1681 377 1713 Ac
401 1679 623 1720 benignitatis,

275 1727 342 1761 Vas
370 1727 518 1761 coelestis
544 1728 678 1768 gratiae,

324 1776 392 1809 Vas
419 1776 611 1817 divinitatis,

275 1824 330 1859 Da
353 1825 598 1858 misericordiae

322 1874 458 1907 Manum
482 1873 658 1916 tribulatis,

273 1923 338 1956 Per
366 1923 484 1956 donum
509 1923 655 1955 laetitiae

322 1972 369 2004 Et
391 1972 632 2013 prosperitatis,

192 2061 248 2094 ¹75.
276 2058 383 2100 Salve,
409 2058 665 2100 prudentissima

324 2108 424 2150 Virgo
451 2107 628 2149 Sunanitis‚

275 2157 375 2200 Virgo
386 2169 392 2176 ·
401 2156 613 2198 fertilissima,

321 2207 373 2240 De
398 2216 462 2248 qua
485 2206 589 2247 surgit
613 2206 690 2239 vitis

269 2256 357 2289 Vina
381 2254 521 2290 fundens
547 2256 671 2297 optima

321 2306 443 2338 Amore
468 2305 578 2346 unitis,

270 2354 349 2387 Mea
374 2353 428 2389 fac
452 2357 488 2387 ut
514 2354 622 2387 anima

319 2404 446 2437 Munda
470 2404 513 2436 sit
540 2406 573 2436 et
596 2404 694 2437 mitis.

748 96 991 133 ,95-

902 354 958 388 76.
985 352 1092 392 Salve,
1118 352 1227 392 proles
1252 351 1402 391 Davidis,

1034 401 1146 433 Proles
1171 400 1354 437 benedicta,

986 449 1151 483 Castitatis
1178 449 1327 481 candidis

1031 497 1184 530 Vestibus
1210 497 1337 539 amicta,

983 545 1140 578 Precibus
1165 546 1210 578 sit
1233 545 1351 578 validis

1032 594 1110 627 Tuis
1134 593 1224 627 fraus
1250 594 1387 634 devicta„

985 643 1074 682 Quae
1097 651 1156 675 nos
1182 643 1287 675 modis
1314 642 1442 675 callidis

1033 691 1132 724 Ducit
1154 692 1189 724 in
1216 691 1345 724 delicta.

900 780 957 813 77.
984 778 1091 820 Salve,
1116 780 1222 810 mater
1245 777 1376 817 nobiIiS,

1032 826 1129 866 Cujus
1155 826 1366 859 admirandus

981 876 1100 908 Partus
1126 878 1175 907 est
1200 884 1220 907 a
1245 874 1387 907 credulis

1033 923 1162 956 Cunctis
1188 923 1384 963 adorandus,

984 973 1050 1005 Per
1074 972 1161 1004 hunc
1184 981 1260 1004 nam
1281 971 1449 1004 horribilis

1029 1019 1144 1052 Hostis
1168 1029 1209 1052 ac
1231 1018 1392 1052 nefandus

978 1068 1078 1101 Duris
1106 1072 1176 1101 erat
1200 1068 1337 1101 vinculis

1029 1116 1137 1156 Stygis
1162 1116 1407 1157 mancipandus.

898 1205 953 1238 78.
981 1202 1088 1243 Salve,
1114 1212 1196 1243 quae
1220 1203 1412 1244 prophetica

1029 1252 1118 1284 Voce
1144 1252 1379 1284 commendaris

977 1300 1025 1333 Et
1048 1308 1108 1340 per
1134 1300 1321 1341 evangelica

1030 1348 1161 1388 Scripta
1183 1349 1360 1387 veneraris,

980 1399 1011 1430 A
1035 1396 1132 1437 plebe
1157 1397 1318 1429 catholica

1027 1445 1135 1486 Digne
1161 1446 1367 1487 collaudaris,

982 1495 1014 1527 A
1039 1492 1156 1526 fraude
1181 1494 1357 1526 Sathaniea

1029 1542 1123 1575 Juste
1148 1542 1347 1576 formidaris,

896 1632 951 1665 ’79-
979 1629 1086 1669 Salve,
1110 1633 1215 1662 mater
1242 1630 1382 1662 coelicae

1026 1678 1279 1718 BenedictioniS,

978 1727 1120 1760 Domina
1144 1727 1310 1768 angelicae

1030 1775 1304 1817 CongregationiS,

980 1824 1031 1857 Sis
1055 1824 1295 1857 ecclesiasticae

1026 1873 1155 1906 Memor
1179 1873 1329 1913 nationis,

964 1922 1091 1955 Laesae
1114 1931 1213 1955 manu
1236 1922 1382 1955 hosticae

1024 1972 1275 2005 PersecutioniS.

893 2060 948 2095 80.
978 2059 1075 2092 Salve
1099 2063 1204 2092 mater
1229 2060 1364 2100 gratiae,

1028 2107 1125 2148 Cujus
1152 2109 1195 2142 ad
1219 2109 1376 2141 honorem

975 2157 1081 2198 Hujus
1107 2158 1315 2190 venerantiae

1025 2206 1166 2240 Concino
1192 2210 1349 2248 tenorem,

974 2256 1053 2289 Post
1077 2258 1197 2288 statum
1221 2256 1381 2296 miseriae,

1023 2305 1102 2338 Post
1127 2305 1242 2338 mundi
1266 2305 1411 2338 laborem

973 2354 1047 2388 Duc
1071 2354 1102 2386 in
1131 2358 1252 2387 statum
1276 2355 1399 2397 gloriae

1011 2405 1118 2438 Tuum
1143 2405 1356 2439 laudatorem.
