1656 2674
193 1530 250 1564 11.

192 1842 251 1877 12.

190 2156 248 2191 13.

246 202 253 209 .
280 174 364 216 Ave,
392 175 483 217 virgo
511 184 608 209 carne
631 179 709 210 nata

330 222 381 256 De
406 225 511 266 stirpe
535 225 718 258 Zorobabel

279 271 332 304 Ac
356 273 397 305 de
422 274 520 306 Anna
546 274 738 307 contristata

331 320 423 354 Siout
448 322 526 355 olim
551 321 691 362 Samuel,

279 367 362 410 Legi
386 370 452 403 Dei
475 371 520 403 sit
543 370 710 404 substrata

331 417 415 452 Caro
436 423 549 453 nostra
574 419 717 452 Jezabel.

246 510 253 518 .
280 485 363 527 Ave,
390 486 497 518 saneti
523 485 687 519 Gabi-ielis

330 533 480 567 Salutata
505 535 648 575 vocibus,

280 582 364 616 Olim
391 582 434 616 ad
455 585 489 615 te
515 583 569 623 qui
597 584 638 616 de
664 584 761 616 caelis

331 631 455 664 Missus
482 634 531 664 est
558 631 724 669 divinitus,

279 680 446 720 Impedire
471 680 577 712 nostri
602 680 683 714 velis

329 727 459 759 Inimici
483 728 635 768 impetus.

245 820 253 828 .
280 795 361 837 Ave,
390 794 493 838 virgo,
521 804 603 836 quae
630 797 760 836 crearis,

329 844 397 876 Per
421 849 585 877 auctorem
611 845 763 886 omnium,

278 891 367 925 Miro
392 892 490 925 inodo
516 891 702 926 fecundaris

328 941 393 973 Per
417 943 587 973 aeternum
611 941 774 983 spiritum,

279 988 473 1022 Fecundata
497 989 683 1023 sublimaris

330 1036 466 1078 Quando
491 1037 581 1078 paris
606 1037 719 1071 filium.

245 1132 251 1138 .
278 1106 362 1143 Ave,
395 1105 484 1146 virgo
511 1105 645 1147 gignens
671 1105 787 1145 Deum,

328 1153 431 1186 Thori
455 1154 519 1186 viri
543 1155 663 1193 nescia,

279 1201 407 1235 Munda
432 1210 529 1234 carne
553 1202 665 1234 velans
692 1210 764 1234 eum

327 1249 484 1282 Puritatis
512 1250 650 1292 conscia,

278 1298 351 1331 Tua,
373 1306 474 1339 prece
499 1297 693 1331 Jebusaeum

324 1347 434 1379 Penas
461 1346 501 1379 ab
527 1347 675 1380 ecelesia.

277 1532 362 1571 Ave,
388 1534 494 1573 porta,
522 1540 604 1573 quae
629 1531 781 1564 transiris

324 1581 390 1614 Per
415 1582 582 1613 aeternum
608 1580 791 1621 principem

277 1630 367 1668 Quae
393 1637 455 1662 nee
480 1631 597 1669 patens
621 1629 779 1661 inveniris

325 1677 479 1718 Aliquem
504 1685 565 1718 per
590 1677 762 1717 hominem,

275 1725 378 1767 Virga
401 1725 482 1759 flore
508 1726 672 1759 redimiris

325 1775 390 1808 Per
418 1777 609 1816 conceptum
634 1774 788 1807 nobilem.

278 1843 361 1883 Ave,
388 1842 486 1875 tellus
511 1842 648 1883 irrigata

324 1891 415 1925 Rore
440 1891 545 1924 saneti
571 1892 706 1932 spiritus

273 1940 320 1973 Et
343 1949 404 1981 per
428 1940 545 1973 rubum
574 1940 744 1982 designata

323 1988 400 2022 Non
427 1991 604 2022 crematum
629 1989 769 2031 penitu÷⁷

275 2038 389 2073 Virtus
415 2037 479 2072 Dei
504 2039 675 2071 incarnata

323 2087 388 2120 Est
411 2088 446 2121 in
471 2089 506 2119 te
530 2086 697 2120 divinitus.

275 2159 358 2197 Ave,
386 2156 490 2200 virgo,
517 2154 590 2189 fons
614 2155 785 2188 hortorum

324 2204 463 2239 Gratiae
486 2203 708 2247 praestabilis,

275 2255 326 2288 Tu
352 2254 424 2296 riga
450 2254 552 2287 corda
577 2256 717 2294 tuorum,

324 2303 386 2344 Qui
412 2306 445 2336 te
469 2302 605 2337 laudum
630 2302 734 2335 titulis

273 2353 491 2394 Venerantur,
518 2353 578 2386 hos
605 2353 749 2385 celorum

321 2400 415 2435 Infer
438 2401 671 2437 tabernaculis.

835 78 904 116 153
957 100 999 105 —-

927 180 958 213 7.

899 1105 955 1139 10.

839 1454 884 1488 ΙΙ.

898 1531 955 1567 14.

899 1842 953 1876 15.

900 2156 955 2189 16.

984 178 1057 212 Ave
1082 179 1134 211 cui
1160 188 1195 211 se
1219 176 1340 211 infudit

1032 227 1206 260 Plenitudo
1232 228 1365 268 gratiae,

987 275 1121 315 Quando
1149 283 1278 308 carnem
1303 274 1366 308 sibi
1393 273 1483 307 cudit

1034 324 1073 357 In
1098 326 1131 355 te
1156 333 1215 356 rex
1238 323 1386 364 justitiae

983 372 1027 404 Et
1053 373 1089 405 in
1111 372 1185 404 sinu
1208 374 1264 404 tuo
1289 372 1374 404 iudit

1034 421 1196 460 Tempore
1220 419 1387 453 infantiae.

951 513 958 521 .
983 487 1057 520 Ave
1080 487 1194 531 nubes,
1216 487 1251 519 in
1278 490 1461 528 Aegyptum

1035 535 1182 569 Christus
1208 544 1270 576 qua
1295 535 1468 575 invehitur,

983 583 1056 617 Rex
1081 583 1231 617 Herodes
1256 584 1384 625 quando
1410 584 1517 625 ipsum

1035 632 1179 665 Subdole
1203 632 1420 674 persequitur,

988 680 1134 713 Tandem
1153 690 1172 713 3
1187 684 1230 721 te,
1249 684 1286 713 ut
1304 683 1354 713 est
1370 680 1539 722 scriptum,

1034 730 1180 763 Solerter
1204 729 1382 763 reducitur,

950 823 957 829 .
985 796 1067 837 Ave,
1094 797 1173 831 Jesu
1200 795 1320 830 Christi
1345 798 1465 836 nutrix,

1033 846 1175 878 Pascens
1200 846 1288 877 1111110
1312 847 1347 877 ut
1373 843 1485 885 filium,

986 893 1268 934 Turbatorumque
1294 893 1438 932 adjutrix

1033 942 1089 974 Ad
1113 944 1146 973 te
1170 941 1415 981 suspirantium,

988 989 1110 1022 Nostra
1135 990 1274 1022 clemens
1301 993 1369 1022 esto
1395 988 1498 1021 tutrix

1032 1038 1063 1070 A
1088 1039 1202 1070 sutelis
1227 1038 1378 1071 hostium.

981 1105 1063 1148 Ave,
1091 1105 1193 1146 virgo,
1223 1107 1426 1138 consolamen

1029 1154 1076 1187 Te
1101 1153 1292 1186 laudantum
1313 1153 1444 1196 jugiter7

983 1202 1115 1235 Patrem
1132 1209 1240 1242 posce,
1265 1205 1387 1245 natum,
1410 1199 1538 1242 flamen,

1032 1250 1077 1283 Ut
1101 1250 1358 1282 misericorditer

981 1297 1053 1331 Nos
1079 1307 1150 1331 cum
1176 1298 1297 1331 sanetis
1312 1299 1408 1338 locet,
1436 1305 1540 1339 amen,

1031 1347 1070 1379 In
1097 1347 1185 1380 coelo
1212 1346 1409 1388 perenniter.

982 1533 1064 1573 Ave,
1092 1531 1193 1576 virgo,
1221 1530 1281 1565 fios
1308 1531 1440 1565 vernalis

1029 1581 1138 1613 Mirae
1161 1581 1361 1620 odorantiae‚

980 1629 1143 1663 Miserere
1169 1630 1293 1663 eunetis
1317 1628 1414 1662 maiis

1030 1677 1149 1711 Matris
1173 1679 1240 1720 jam
1266 1677 1431 1717 ecclesiae,

982 1726 1082 1766 Quam
1109 1725 1243 1760 infestat
1272 1725 1442 1764 infernalis

1031 1775 1108 1809 Dux
1133 1784 1192 1808 sua
1218 1779 1363 1808 330111110-

981 1843 1062 1883 Ave,
1090 1842 1197 1886 arbor,
1226 1843 1316 1883 cujus
1342 1841 1451 1876 fruetu

1029 1891 1173 1924 Poenam
1198 1890 1265 1924 fert
1288 1891 1482 1932 Leviathan,

982 1940 1026 1974 Et
1054 1950 1072 1973 a
1097 1941 1211 1981 leprae
1235 1941 1328 1981 gravi
1353 1941 1443 1973 luctu

1029 1989 1093 2022 Est
1118 1990 1293 2022 mundatus,
1318 1989 1466 2023 Naaman

982 2037 1049 2071 Sed
1075 2041 1110 2070 et
1131 2046 1232 2080 regna
1258 2039 1326 2079 ejus
1355 2039 1453 2071 ductu

1031 2086 1113 2119 Sunt
1140 2087 1307 2120 destructa
1331 2087 1496 2122 Chanaau.

982 2155 1065 2195 Ave,
1093 2158 1198 2188 mater
1222 2159 1356 2189 sanetae
1382 2157 1462 2198 spei,

1034 2203 1136 2243 Quam
1161 2207 1257 2237 ornat
1283 2205 1426 2247 dileetio,

985 2252 1083 2293 Cujus
1112 2252 1211 2286 decor
1235 2254 1357 2294 speciei

1029 2301 1152 2335 Nostra
1178 2306 1226 2335 est
1251 2302 1397 2345 refectio,

984 2351 1083 2385 Salva
1107 2351 1191 2394 illos,
1218 2355 1324 2385 mater
1348 2352 1412 2386 Dei

1033 2400 1118 2441 Quos
1143 2401 1208 2433 urit
1233 2402 1395 2444 purgatio,
