1656 2674
217 378 274 412 11.
303 376 401 418 Cujus
428 378 733 419 praedulcissimum

348 426 410 459 tibi
436 427 643 460 consolamen

297 475 420 509 Datum
446 484 541 509 omne
565 476 740 517 pristinum

348 522 458 557 aufert
479 524 688 568 tribulamen,

299 573 369 606 lmo
393 573 429 605 'm
456 573 649 606 altissimum

349 621 440 654 ducit
464 622 681 663 speculamen,

299 670 392 711 Quod
416 678 522 712 neque
547 670 728 711 angelicum

349 719 475 752 diceret
499 717 646 752 effamen.

216 806 271 839 12.
299 806 330 839 A
357 814 418 846 quo
444 804 648 838 benediceris

349 854 440 894 quasi
468 854 572 887 dulcis
597 857 712 895 mater,

297 903 383 936 Prae
409 903 527 936 creatis
554 905 684 946 ceteriS,

349 961 445 992 quam
472 955 505 984 et
530 954 618 983 amat
641 956 738 993 pater

299 1000 443 1034 Subveni
465 1009 552 1033 nunc
574 1001 702 1033 miseris

347 1058 365 1081 o
392 1049 511 1082 amoris
538 1051 655 1090 crater,

299 1099 385 1139 Quos
412 1101 509 1130 vexat
533 1097 568 1129 in
594 1097 738 1130 tenebris

348 1146 497 1179 inimicus
524 1149 604 1179 ater.

214 1233 269 1267 13.
298 1233 358 1273 Qui
384 1234 459 1265 vale
484 1232 691 1266 dulcissimae

347 1281 457 1314 dicens
483 1281 643 1324 genitrici,

292 1330 444 1371 Apparet
468 1330 711 1371 promptissime

342 1388 420 1411 suae
446 1378 618 1418 dilectrici,

293 1427 454 1461 Miserere
479 1427 605 1461 animae

340 1485 432 1509 meae
456 1476 643 1517 peccatrici,

291 1525 419 1559 Petenti
446 1525 640 1558 cordintime

341 1583 361 1606 a
384 1576 418 1606 te
447 1573 610 1607 benedici.

210 1662 266 1699 14,
295 1661 356 1702 Qui
383 1662 535 1704 dignatur
559 1670 701 1702 propere

341 1716 467 1744 coetum
500 1711 678 1744 amicorum

293 1759 477 1793 Clementer
501 1759 644 1792 invisere

341 1811 374 1841 et
395 1812 518 1841 metum
543 1807 743 1842 Judaeorum

290 1857 345 1891 Ab
370 1858 416 1890 eis
441 1857 605 1899 repellere

343 1907 436 1940 donis
462 1906 664 1950 gaudiorum,

291 1955 411 1990 Vivum
436 1965 472 1989 se
497 1956 671 1990 ostendere

338 2007 414 2045 post
441 2005 526 2038 diem
551 2004 711 2041 laborum,

207 2093 263 2127 15.
292 2093 390 2133 Cujus
416 2093 612 2126 resurrectio

341 2151 413 2174 cum
437 2140 668 2174 manifestatur

291 2191 376 2232 Suis,
401 2200 518 2233 magno
543 2190 661 2232 gaudio

337 2241 428 2281 ipsos
456 2240 652 2282 consolatur,

287 2290 490 2325 Judaeorum
520 2290 631 2322 concio

338 2339 395 2372 sed
422 2340 560 2374 multum
588 2338 751 2378 turbatur,

288 2388 431 2422 Falsitas
457 2398 518 2430 pro
553 2388 659 2429 pretio

335 2446 452 2481 magno
480 2440 698 2479 comparatur.

765 125 1031 163 —199-

872 282 916 316 II.

923 380 980 414 16.
1008 380 1069 420 Qui
1092 380 1209 413 levatis
1234 379 1382 413 manibus

921 806 976 839 17.

917 1233 973 1267 18.

914 1663 970 1698 19.

912 2094 971 2127 20.

1055 428 1161 462 coelos
1187 428 1385 461 ascendebat

1003 477 1049 509 Et
1072 478 1108 510 in
1134 477 1196 509 hoc
1220 477 1414 518 propensius

1053 526 1116 558 duo
1138 525 1340 565 intendebat,

1005 574 1091 607 Nam
1116 583 1190 606 suos
1219 574 1366 607 devotius

1052 622 1141 664 patri
1166 621 1323 656 offerebat

1003 671 1049 704 Et
1072 672 1218 712 ipsorum
1243 670 1390 704 hostibus

1052 718 1148 752 fortis
1173 719 1358 752 resistebat.

1004 807 1064 847 Qui
1090 806 1156 838 suis
1182 806 1368 839 videntibus

1052 854 1115 887 fuit
1136 855 1280 887 elevatus

1001 904 1047 937 Et
1070 905 1103 937 in
1129 903 1310 943 potioribus

1053 951 1158 993 patris
1183 952 1385 993 sublimatus,

1002 1000 1135 1036 Ultimis
1161 1000 1361 1041 temporibus

1051 1051 1204 1082 venturus
1228 1051 1377 1092 testatus,

1001 1098 1049 1132 Ut
1068 1097 1172 1138 judex
1197 1097 1408 1138 aequissimus

1049 1146 1197 1179 vindicet
1220 1149 1340 1178 reatus.

1001 1234 1101 1274 Quem
1125 1233 1228 1265 nubes
1255 1233 1295 1266 ab
1322 1233 1423 1265 oculis

1048 1281 1194 1322 suscepit
1217 1291 1346 1314 suorum

1000 1330 1218 1365 scandentem
1247 1339 1319 1363 cum
1344 1331 1468 1372 angelis

1048 1380 1092 1412 ad
1116 1387 1218 1420 regna
1245 1379 1417 1421 coelorum,

999 1428 1025 1462 O
1050 1436 1141 1461 amor
1165 1427 1326 1462 mirabilis

1045 1477 1206 1510 viscerum
1231 1479 1370 1517 tuorum,

999 1525 1160 1560 Cordibus
1185 1525 1375 1566 spectabilis

1045 1577 1175 1608 tuorum
1205 1584 1362 1607 carorum.

999 1663 1060 1703 Qui
1084 1661 1178 1696 vobis
1203 1662 1409 1694 cernentibus

1047 1710 1176 1744 scandit
1202 1711 1250 1743 sic
1273 1713 1435 1753 patenter,

997 1759 1200 1793 Benedicens
1227 1759 1375 1792 omnibus

1046 1812 1080 1841 et
1103 1808 1150 1840 ita
1177 1809 1361 1849 clementer,

997 1857 1117 1891 Jubilis
1144 1860 1177 1889 et
1200 1856 1369 1898 plausibus

1046 1907 1095 1939 sic
1119 1906 1249 1939 scandit
1272 1906 1452 1948 gaudenter

997 1956 1089 1989 Binis
1116 1963 1187 1987 cum
1214 1955 1395 1998 agminibus

1046 2007 1079 2037 et
1102 2004 1150 2036 ita
1178 2004 1340 2037 decenter.

999 2092 1098 2134 Cujus
1121 2094 1160 2124 ut
1185 2092 1334 2125 amabilis

1045 2141 1140 2175 nobis
1168 2146 1218 2173 est
1244 2142 1427 2183 descensus,

997 2191 1050 2224 Ita
1075 2194 1125 2223 est
1151 2190 1311 2223 mirabilis

1046 2238 1169 2282 angelis
1196 2248 1360 2280 ascensus,

997 2288 1138 2322 Satanae
1164 2287 1323 2321 terribilis

1045 2336 1108 2370 fuit
1133 2339 1166 2370 et
1189 2336 1346 2380 infensus,

997 2387 1123 2421 Mundo
1150 2386 1347 2420 venerabilis

1045 2445 1156 2470 amore
1181 2440 1342 2469 extensus.
