1656 2674
720 95 986 132 —163—

181 190 242 225 43.
269 190 458 234 Gratulare,
484 202 599 227 carens
622 195 699 227 labe
883 196 940 230 47.
968 194 1153 235 Gratulare,
1181 205 1199 228 o
1224 196 1338 237 regina

316 242 456 276 Prorsus
481 242 585 275 omnis
610 244 764 285 criminis,
1003 244 1124 277 Rerum
1152 244 1384 286 exsistentium,

269 289 339 324 Nos
365 290 406 323 ab
431 291 519 324 omni
543 291 666 324 munda
691 292 768 325 tabe
962 293 1043 325 Esto
1068 295 1182 326 nostra
1206 293 1367 326 medicina

292 339 434 372 Nostrae
459 340 674 381 turpitudinis
1013 341 1127 374 Mente
1151 341 1392 381 infirmantium,

265 388 311 422 Et
336 397 467 429 semper
492 389 552 421 sub
579 389 639 421 alis
666 389 750 422 habe
966 390 1017 422 Ac
1044 389 1184 423 defende
1209 399 1228 423 a
1253 390 1347 423 ruina

312 436 458 469 Materni
484 437 660 479 regiminis
1017 438 1152 480 Semper
1176 447 1235 471 nos
1260 439 1294 471 in
1319 443 1496 479 posterum.

180 516 238 549 44.
266 513 452 558 Gratulare,
479 524 580 557 regna
605 515 691 548 vitae
883 517 940 550 48.
970 515 1156 556 Gratulare,
1184 516 1276 557 virgo
1300 525 1420 557 parens

315 563 444 596 Tenens
467 564 535 604 jam
560 565 726 607 perennia,
1012 564 1055 597 Vi
1080 564 1185 597 sancti
1209 565 1407 605 spiraminis,

264 612 467 645 Venerantes
490 612 587 645 modo
612 612 676 645 rite
965 612 1097 645 Rubens
1122 622 1198 645 rosa
1223 613 1318 653 spina
1344 622 1457 646 carens

316 661 387 693 Tua
410 661 595 703 privilegia,
1016 661 1172 693 Vetustae
1196 662 1339 703 originis,

263 709 389 742 Trahat
411 710 476 741 ista
500 718 564 742 vox
587 708 705 741 Venite
966 709 1045 749 Fac,
1070 719 1111 742 ne
1137 708 1247 743 foedet
1270 711 1409 743 mundus
1429 719 1522 743 arens

313 757 368 789 Ad
394 760 530 790 aeterna
552 757 709 799 praemia.
1011 758 1080 791 Nos
1106 761 1223 799 putore
1249 759 1402 791 criminis.

176 836 234 870 45.
263 833 449 878 Gratulare,
478 836 569 876 virgo
597 835 661 875 dia,
881 837 939 870 49.
968 835 1142 869 Gratulare
1167 836 1340 868 mulierum

310 883 420 916 Mater
445 889 561 916 summi
586 884 737 923 numinis,
1017 884 1152 917 Gemma
1175 885 1449 924 praeclarissima,

260 933 355 967 Omni
381 933 480 973 digna
501 931 643 965 melodia
965 933 1054 972 Quae
1078 933 1208 965 lactasti
1231 942 1340 974 regem
1368 941 1487 971 rerum,

309 981 536 1023 Cujuscunque
562 981 723 1024 carminis,
1005 981 1116 1014 Mater
1140 981 1355 1022 sagacissima,

261 1030 352 1063 Audi
376 1031 479 1063 melos
504 1038 583 1062 aure
606 1029 664 1070 pia
961 1029 1035 1062 Duc
1058 1031 1135 1071 post
1157 1028 1256 1061 finem
1277 1039 1338 1062 nos
1365 1031 1489 1064 dierum

310 1078 409 1111 Istius
433 1077 626 1112 dictaminis.
1012 1078 1102 1111 Coeli
1124 1078 1165 1110 ad
1192 1078 1361 1113 altissima.

175 1157 233 1190 46.
262 1154 446 1194 Gratulare,
473 1159 579 1187 mater
602 1154 659 1195 pia
877 1129 932 1188 go.
962 1155 1145 1194 Gratulare,
1173 1164 1191 1187 ο
1216 1156 1335 1196 Maria,

311 1203 480 1244 Cordeque
505 1202 661 1244 tripudia,
1008 1203 1142 1236 Florum
1163 1205 1249 1236 veris
1274 1205 1415 1245 primula

260 1253 370 1286 Omnis
397 1252 511 1284 mundi
536 1251 724 1284 monarchia
959 1252 1061 1292 Quam
1087 1260 1252 1285 sacrorum
1273 1253 1415 1286 melodia

308 1299 407 1340 Cujus
433 1299 499 1332 fert
522 1299 708 1341 praeconia,
1009 1300 1182 1333 Collaudat
1206 1309 1266 1342 per
1291 1302 1432 1338 saecula,

258 1349 332 1382 Duc
358 1352 504 1381 errantes
530 1357 588 1381 nos
614 1348 648 1380 iu
675 1348 729 1380 via
959 1348 1125 1390 Hymnum
1150 1349 1246 1381 istum
1274 1351 1361 1389 audi,
1388 1349 1454 1391 pia,

307 1398 360 1430 Ad
390 1398 472 1430 coeli
501 1395 649 1430 confinia.
1009 1398 1164 1431 Plausum
1188 1402 1296 1431 mente
1322 1398 1445 1432 sedula.

252 1485 333 1513 Orat.
355 1492 409 1512 ms.
430 1485 632 1522 Tegrinsense
651 1491 728 1511 saec.
749 1481 793 1512 15.
816 1482 890 1512 01m.
912 1483 1031 1511 Monac.
1053 1482 1089 1512 19
1098 1481 1157 1513 824
1181 1484 1232 1512 fol.
1254 1482 1311 1513 263
1334 1485 1363 1512 l›.

526 1652 804 1697 Rosariorum
840 1652 978 1696 series
1017 1652 1171 1696 altera.

711 1760 752 1792 51.
773 1758 943 1793 Rosarium
963 1760 985 1792 1.

325 1851 390 1880 Ave
409 1851 517 1883 Maria,
539 1851 639 1888 gratia
658 1850 755 1885 plena,
778 1850 927 1878 Dominus
949 1851 1056 1884 tecum,
1078 1849 1237 1879 benedicta
1257 1852 1290 1878 tu

327 1891 360 1918 in
380 1891 565 1924 mulieribus,
588 1891 618 1916 ot
636 1889 810 1917 benedictus
831 1888 944 1917 fructus
965 1891 1080 1918 ventris
1100 1890 1154 1922 tui,
1176 1889 1266 1917 Jesus
1289 1888 1433 1918 Christus.

197 2075 228 2109 1.
257 2072 317 2115 Qui
342 2081 451 2105 rerum
477 2071 674 2114 principium
900 2072 932 2105 2.
960 2071 1020 2112 Qui
1045 2074 1141 2104 natus
1170 2071 1325 2104 divinitus

305 2125 413 2155 exstat
438 2122 613 2164 singulare,
1007 2123 1103 2161 patre
1128 2119 1168 2152 ab
1196 2124 1339 2165 aeterno,

254 2172 301 2206 Et
324 2171 446 2205 bonum
472 2170 649 2204 amantium
961 2169 1061 2210 Cujus
1088 2177 1141 2202 me
1166 2178 1252 2202 nunc
1277 2170 1417 2210 pedibus

304 2229 340 2253 se
365 2220 543 2262 peculiare,
1010 2219 1145 2251 devotus
1172 2224 1355 2260 prosterno,

251 2269 338 2305 Mihi
365 2270 422 2303 det
446 2270 608 2303 rosarium
960 2268 1103 2309 Propter
1128 2276 1222 2309 quem
1250 2271 1283 2300 et
1307 2269 1438 2310 penitus

301 2320 350 2352 sic
374 2319 589 2361 principiare,
1008 2320 1142 2350 terrena
1163 2317 1232 2357 jam
1257 2327 1386 2360 sperno,

253 2369 348 2403 Votis
374 2378 411 2402 se
436 2368 641 2402 laudantium
960 2366 1115 2408 Vanaque
1141 2367 1266 2399 acutius

301 2421 339 2450 ut
363 2418 408 2452 sit
432 2419 596 2459 salutare3
1008 2416 1082 2449 visu
1104 2416 1223 2449 mentis
1253 2425 1369 2460 cerno3

1279 2472 1339 2503 11*
