1656 2674
109 221 116 228 .
143 192 275 229 Amicta
300 194 392 227 radio

193 243 271 275 solis
302 241 418 282 deifici,

146 291 246 324 Modo
271 300 367 332 quam
388 298 526 322 veneror

192 340 254 371 hoc
280 339 356 371 stilo
382 337 524 378 simplici

142 386 272 419 Exaudi
300 386 437 427 gemitus

193 434 281 475 vulgi
308 434 460 466 catholici

141 481 321 515 Laudantis
344 483 466 523 J'ugiter

189 533 223 562 te
247 533 322 563 voto
347 530 499 571 supplici.

108 615 115 622 .
143 584 246 621 Batus
273 596 306 620 es
333 588 394 620 olei

190 636 445 675 misericordiae,

143 684 288 718 Devotos
313 684 433 717 liniens

191 733 284 766 donis
312 733 503 774 dementiae,

144 780 248 814 Nobis
274 781 430 814 velociter

191 838 361 862 succurras
387 829 496 871 hodie,

140 877 201 918 Qui
226 878 321 910 nimis
347 878 526 919 premimur

190 926 231 958 ab
257 926 360 959 hostis
387 926 487 959 rabie.

106 1011 112 1017 .
140 981 228 1018 Coeli
253 983 442 1017 mellifluum

190 1033 232 1065 da
256 1041 363 1065 rorem
389 1041 515 1074 sapere,

138 1080 314 1121 Liquorem
338 1082 461 1123 gratiae

190 1129 230 1161 de
256 1138 334 1162 saxo
360 1139 476 1170 sugere

142 1177 194 1210 Ac
219 1178 446 1211 eucharistiam

193 1227 309 1259 devote
334 1234 471 1268 sumere,

140 1273 187 1306 Et
211 1274 295 1306 hanc
322 1274 363 1306 de
389 1278 495 1307 cetero

188 1331 352 1363 nunquum
379 1324 538 1357 amittere.

106 1404 113 1413 .
140 1377 256 1422 Dirige
280 1381 450 1421 praesides

191 1438 251 1469 per
276 1428 360 1461 viam
387 1431 519 1473 regiam,

140 1476 244 1510 Dirue
269 1477 445 1510 schismata

188 1524 299 1558 firmes
326 1526 505 1570 ecelesiam,

139 1574 281 1614 InJ'ustos
309 1575 425 1608 doceas

188 1623 280 1663 sequi
301 1624 472 1664 justitiam,

139 1671 258 1704 Pacem
284 1673 342 1705 des
367 1672 487 1713 populo

188 1720 314 1760 pellens
342 1721 549 1754 discordiam.

107 1803 113 1810 .
142 1772 251 1810 Elisos
276 1778 396 1816 releva,

189 1827 322 1859 medere
345 1827 521 1868 languidis,

139 1875 192 1907 Da
217 1874 443 1908 fortitudinem

188 1923 222 1955 in
249 1923 335 1956 bello
356 1924 496 1965 pavidis,

140 1972 308 2004 Resistens
334 1971 465 2006 fortiter

191 2022 326 2061 paganis
353 2021 489 2061 rabidis,

139 2068 213 2101 ,Jam
238 2068 273 2101 in
299 2070 468 2103 ecclesiam

187 2117 324 2150 multum
347 2118 557 2159 praevalidis.

108 2199 115 2206 .
144 2171 304 2209 Furorem
328 2176 459 2216 penitus

190 2221 283 2256 aufer
307 2225 523 2266 tyrannicum,

141 2271 203 2311 Qui
226 2272 341 2313 vulgus
368 2274 524 2313 deprimit

193 2319 458 2363 ecclesiasticum,

623 8 892 45 —136—

561 122 612 155 40.
653 121 872 155 Abeeedarius
892 120 958 152 XV.

809 391 842 427 7.

784 1584 840 1619 10,

786 1981 843 2017 11.

870 189 1099 223 Esurientibus

920 240 962 272 da
985 247 1104 271 manna
1131 236 1295 275 coelicum,

872 287 1057 321 Clementer
1081 285 1204 319 satians

920 338 1083 368 catervam
1108 335 1251 375 inopum.

872 391 1161 434 Gazophylacium,

916 441 1105 474 thesaurum
1130 449 1251 480 resera,

868 490 963 523 Ditat
988 490 1042 530 qui
1067 493 1186 530 terrea,

918 541 1055 579 pontum
1082 542 1115 570 et
1139 537 1280 581 aethera,

871 588 1005 621 Coelum
1032 595 1218 628 empyreum

918 639 951 668 et
975 644 1121 676 quaeque
1147 638 1266 675 cetera,

869 683 939 717 Nos
963 685 999 717 in
1024 684 1226 724 marsupium

915 732 1020 773 ipsius
1045 740 1217 774 praepara.

833 816 840 824 .
868 787 974 831 Hujus
1000 790 1163 830 possessio

917 841 1066 879 praestat
1088 839 1260 878 laetitiam,

867 886 988 920 Aufert
1013 887 1204 928 pauperiem

923 939 956 968 et
979 935 1202 976 indigentiam,

869 984 1018 1017 Devotae
1044 984 1172 1017 animae

916 1032 1058 1074 largitur
1085 1033 1233 1074 gratiam,

867 1081 913 1114 Et
938 1083 1013 1122 post
1037 1082 1188 1114 exsilium

916 1133 1082 1162 aeternam
1108 1129 1255 1170 gloriam.

832 1213 839 1220 .
867 1184 909 1221 In
934 1196 997 1228 qua
1022 1187 1207 1220 nullatenus

919 1235 1153 1268 defectibilitas

868 1284 1007 1317 Videtur
1028 1284 1138 1324 aliqua

917 1341 978 1365 nec
1003 1332 1071 1365 ulla
1096 1332 1235 1376 vanitas,

868 1380 936 1413 Sed
960 1390 1118 1414 summum
1143 1381 1298 1422 gaudium

916 1438 1105 1471 summaque
1129 1430 1259 1462 bonitas

867 1478 914 1511 Et
937 1477 1118 1511 indicibilis

920 1526 1028 1559 cordis
1051 1526 1250 1567 jucunditas

868 1581 1003 1619 Karitas
1029 1584 1164 1625 insuper

918 1635 951 1664 et
976 1633 1148 1673 sapientia,

868 1681 1023 1714 Discreta
1048 1682 1190 1714 omnium

917 1738 1027 1763 rerum
1050 1730 1169 1763 notitia

869 1779 921 1811 Ac
948 1778 1154 1812 delectabilis

917 1827 982 1861 Dei
1005 1828 1195 1868 praesentia

867 1876 933 1909 Hic
960 1877 1057 1909 datur
1082 1876 1219 1918 singulis

918 1924 953 1958 in
978 1924 1191 1959 abundantia.

869 1979 944 2016 Lux
971 1982 1164 2016 indeficiens

918 2030 1042 2064 ibidem
1069 2032 1223 2074 cernitur,

870 2079 940 2119 Qua
965 2083 1081 2113 sancta
1107 2081 1238 2113 trinitas

921 2128 1009 2161 clare
1036 2129 1246 2169 conspicitur,

869 2176 993 2209 Nostra
1018 2175 1160 2209 felicitas

920 2224 955 2256 in
981 2234 1043 2265 quo
1068 2224 1239 2265 perficitur

869 2272 915 2304 Et
939 2282 1106 2313 nunquam
1130 2274 1269 2307 termino

907 2329 1067 2362 quoquam
1093 2322 1264 2355 amittitur.
