1656 2674
673 16 934 52 —168-—

147 117 202 150 47.
230 115 291 155 Qui
316 119 350 148 ut
377 116 585 148 aeternaliter

278 164 423 197 nascitur
448 173 468 195 a
489 167 594 203 patre,

231 212 285 246 Sie
308 216 339 244 et
364 212 587 252 temporaliter

278 263 372 294 natus
398 263 447 293 est
473 269 511 292 ex
536 263 651 295 matre,

229 309 294 343 Sed
316 313 348 341 et
370 308 563 349 spiritaliter

275 358 420 390 nascitur
443 357 476 389 in
501 359 607 389 mente

226 405 352 439 Devote
377 414 416 437 ac
440 403 572 437 fortiter

274 454 339 487 sibi
363 454 573 487 adhaerente.

145 513 203 547 48.
230 512 291 551 Qui
315 512 364 544 sol
389 511 474 543 nube
499 510 630 552 tegitur,

275 569 345 593 cum
372 560 600 592 circunivelate

229 610 292 642 Per
317 617 446 641 carnem
474 608 671 648 conspicitur

273 667 338 690 non
354 657 388 689 in
410 656 540 696 deitate,

227 706 315 740 Hinc
338 715 359 738 a
382 705 476 738 malis
502 706 667 746 spernitur

272 755 305 786 in
330 754 539 792 humanitate,

225 802 433 843 Tandemque
457 802 616 835 occiditur

274 860 332 884 sua
357 852 532 884 voluntate.

842 115 899 148 49.

841 510 898 543 50.

927 113 1027 153 Quem
1053 121 1163 145 verum
1187 112 1390 147 Emmanuel,

974 161 1079 195 Deum
1106 161 1272 201 ultionum,

925 209 1064 242 Factum
1092 211 1131 241 ut
1153 208 1308 242 Ezechiel

974 259 1097 290 socium
1125 258 1310 300 draconum,

926 306 964 338 In
991 315 1090 347 aquas
1115 305 1209 346 plebs
1235 306 1336 340 Israel

973 354 1087 387 mersit
1108 354 1304 396 passionum,

924 403 972 437 Ut
999 407 1049 436 est
1072 404 1189 436 missus
1214 404 1333 437 Daniel

973 453 1008 485 in
1034 453 1139 485 lacum
1165 453 1304 487 leonum.

926 509 985 542 Cui
1008 510 1051 542 sit
1076 510 1146 543 laus
1173 511 1288 553 gloria,

974 559 1065 591 Patri
1087 560 1328 601 pneumatique.

925 607 990 640 Sua
1016 616 1088 639 cum
1110 609 1258 649 potentia

973 656 1028 697 qui
1053 660 1168 698 regnat
1192 657 1321 698 ubique,

924 704 1043 737 Devoti
1067 714 1127 745 pro
1154 706 1260 746 gratia

972 762 1066 794 quem
1090 756 1204 794 rogant
1230 754 1388 795 plerique,

926 800 1067 834 Satanae
1091 800 1224 834 fallacia

973 859 1052 891 quos
1078 854 1193 892 gravat
1216 850 1335 891 inique.

218 909 298 938 Orat.
319 917 372 936 ms.
393 908 577 944 Tegurinuni
594 916 669 936 saec.
686 906 731 935 15.
755 907 828 936 olm.
849 907 967 935 Monac.
987 905 1088 936 19824
1107 907 1157 935 fol.
1172 905 1230 936 233
1248 916 1274 935 a.
1300 923 1335 928 -—
1355 909 1483 945 „Incipit

140 957 155 975 1⁷
168 949 287 976 ’Sal'iunl
306 947 495 976 beatissimae
519 948 640 983 virginis
659 946 773 975 Mariae
796 946 946 975 dominica
959 946 1007 975 die
1025 945 1181 975 (licendum
1197 949 1226 975 et
1242 949 1306 984 agit
1319 947 1354 976 <lo
1370 946 1482 976 Christi

144 986 301 1015 divinitate
322 988 351 1014 et
370 984 432 1019 eius
455 987 660 1014 incarnatione
681 988 714 1014 in
733 982 896 1022 gener-alifi

654 1071 702 1102 52.
743 1069 911 1102 Rosarium
935 1070 964 1101 2.

163 1203 197 1235 1.
224 1201 285 1241 Qui
310 1205 360 1234 est
385 1200 528 1243 verbum,
553 1202 661 1235 omnia

270 1255 365 1290 pater
390 1259 451 1290 quo
479 1250 611 1287 creavit,

224 1298 291 1338 Quo
318 1301 350 1330 et
376 1299 564 1331 exsistentia

273 1349 388 1379 cuncta
408 1348 586 1386 renovavit,

224 1395 372 1428 Hominis
396 1398 428 1427 et
454 1396 535 1428 vitia

271 1453 331 1484 per
356 1444 417 1477 hoc
442 1443 586 1485 expiavit

222 1492 267 1525 Et
290 1492 356 1533 ipsi
382 1493 534 1525 coelestia

272 1541 319 1573 sic
345 1541 561 1582 recuperavit.

164 1600 195 1634 2.
223 1599 284 1639 Qui
308 1597 528 1632 infallibiliter

273 1651 321 1680 est
347 1648 580 1687 Samaritanus,

208 1696 273 1730 Per
298 1705 393 1737 quem
418 1695 478 1730 fuit
505 1696 647 1738 pleniter

268 1745 363 1778 homo
388 1744 493 1779 factus
519 1755 626 1780 sanus,

222 1794 353 1835 Vagans
379 1794 588 1836 culpabiliter

272 1843 374 1876 veluti
398 1844 543 1883 insanUS,

224 1892 324 1932 Quem
349 1893 529 1932 prostravit
551 1892 693 1932 turpiter

269 1940 372 1974 hostis
397 1941 601 1974 inhumanus,

161 1999 193 2032 3.
222 1998 320 2040 Cujus
345 1998 543 2032 venerabilis

269 2048 468 2089 genealogia,

221 2095 287 2136 Qua
314 2099 443 2129 tenetur
468 2096 606 2129 vinculis

271 2144 377 2178 carnis
403 2145 459 2177 hic
479 2145 513 2176 in
539 2146 603 2181 via,

218 2192 381 2226 Panditur
405 2194 543 2226 oraculis

267 2250 330 2274 nec
353 2251 417 2275 non
446 2241 630 2283 prophetia,

219 2289 261 2322 In
286 2292 318 2321 te
344 2299 420 2323 vero
447 2290 565 2323 nobilis

274 2338 435 2371 clauditur
458 2338 578 2372 Maria.

794 1134 820 1167 Ι.

863 1201 896 1233 4.

924 1200 979 1233 Ad
1004 1209 1098 1241 quem
1124 1209 1224 1242 genus
1250 1200 1417 1233 hominum

971 1248 1225 1286 vociferabatur,

926 1297 1091 1330 Potestate
1118 1298 1309 1331 daemonum

973 1346 1059 1387 quod
1086 1345 1342 1387 opprimebatur,

922 1395 1012 1428 Petit
1037 1394 1247 1435 adjutorium,

971 1443 1114 1476 solamen
1139 1446 1306 1484 precatur,

924 1491 1065 1533 Tempus
1090 1495 1126 1524 ut
1151 1492 1185 1524 in
1211 1495 1378 1532 posterum

972 1550 1037 1573 non
1065 1540 1320 1581 derelinquatur.

890 1623 897 1631 ‚
926 1598 1024 1638 Cujus
1049 1599 1161 1632 incarn
1166 1598 1231 1631 atio

974 1656 1046 1679 cum
1072 1650 1159 1680 esset
1181 1650 1328 1684 ventura,

923 1696 994 1729 Tua
1019 1696 1185 1737 generatio

973 1749 1042 1778 erat
1063 1753 1286 1787 praecessura,

926 1793 1092 1834 Siquidem
1119 1795 1287 1834 conceptio

973 1845 1038 1882 tua,
1067 1842 1158 1884 vii-go
1185 1852 1277 1887 pura,

927 1890 1105 1924 Nuntiatur
1132 1891 1248 1924 nuntio

975 1940 1058 1973 coeli
1082 1949 1207 1973 summa
1233 1949 1321 1974 cura.

890 2024 896 2029 .
925 1997 986 2038 Qui
1012 1998 1053 2031 ab
1079 1998 1241 2039 injustitia

973 2047 1069 2080 Adae
1094 2049 1127 2079 te
1152 2046 1295 2080 servavit

925 2095 971 2128 Et
994 2096 1043 2128 ita
1067 2096 1101 2128 in
1127 2097 1234 2137 gratia

972 2146 1006 2175 te
1032 2143 1257 2184 sanctificavit,

924 2192 1063 2224 Domum
1090 2192 1252 2233 sapientia

973 2240 1036 2273 sibi
1061 2249 1097 2273 se
1120 2240 1261 2281 paravit,

926 2288 992 2321 Sua
1015 2289 1049 2321 in
1073 2287 1213 2323 infantia

976 2346 1071 2377 quam
1095 2337 1304 2371 inhabitavit.
