1656 2674
619 0 885 23 -ὲῦᾌῌ

162 83 361 124 Concepisti,
387 82 498 116 visitet

208 130 272 163 Hic
297 140 357 163 nos
383 139 443 171 per
468 139 620 170 amorem,

163 178 263 211 Suum
287 187 329 210 ne
353 179 548 219 praecipitet

212 226 324 260 Hostis
350 227 384 258 in
411 234 564 261 errorem.

78 278 136 312 16.
165 276 286 317 Qualus
314 286 359 319 es,
386 288 448 319 quo
472 280 604 319 ponitur

210 325 305 359 Jesus
332 327 424 367 panis
451 327 549 368 vitae,

161 373 229 413 Quo
256 374 353 415 plene
378 373 532 410 reficitur.

209 421 268 460 Qui
296 423 382 455 hunc
406 423 505 455 sumit
529 424 601 464 rite,

159 469 253 502 Metu
277 480 342 503 non
365 471 557 512 concutitur,

210 516 289 551 Cum
316 518 461 552 dicetur:
489 519 549 560 Ite,

158 565 259 598 Immo
282 566 519 606 jucundabitur

206 614 373 647 Audiens:
402 614 530 648 Venite.

75 666 131 700 17.
159 663 304 707 Respice
332 667 372 699 de
396 668 524 707 superis·

204 715 335 748 Fletum
361 716 562 757 miserorum,

158 764 341 805 Lugentum
364 764 398 797 in
424 764 567 797 tenebris

210 813 487 856 Purgatoriorum,

156 861 260 893 Prece
285 862 332 893 tui
357 862 500 894 muneris

208 909 349 942 Vincula
375 918 484 942 eorum

159 958 295 992 Solvens
323 958 386 991 due
409 959 445 991 in
471 958 612 991 aetheris

207 1007 331 1040 Locum
359 1008 534 1039 electorum

75 1058 130 1093 18.
160 1056 268 1100 Stirps
294 1058 377 1092 felix
400 1059 563 1092 Davidica

207 1107 308 1140 Juxta
330 1107 451 1141 isaiam

159 1155 289 1187 Virtute
315 1155 433 1188 deifica

210 1203 377 1236 Gener-ans
400 1203 569 1245 Messiam,

159 1251 240 1292 Legi
264 1260 371 1284 meam
394 1252 527 1293 applica

208 1299 448 1341 Genealogiam,

159 1347 211 1379 Re
235 1356 345 1380 veram
369 1357 429 1388 per
453 1348 580 1381 lubrica

208 1395 423 1436 Derelinquat
446 1397 545 1431 viam.

76 1448 132 1481 19.
160 1445 208 1482 Te
234 1448 377 1489 phalanx
402 1449 547 1491 angelica

209 1497 373 1537 Hymnum
398 1507 459 1538 per
486 1498 637 1531 decorum

159 1544 289 1578 Laudat
315 1549 347 1578 et
371 1554 431 1587 per
455 1547 581 1579 cantica

207 1594 247 1626 In
273 1602 370 1635 regno
395 1595 555 1636 polorum,

158 1641 246 1674 Laus
271 1642 352 1675 haec
377 1642 555 1676 honorifica

210 1691 396 1724 Carminum
421 1695 549 1725 tuorum

777 185 836 218 20.

778 573 835 607 21.

779 964 836 998 22.

779 1355 837 1388 23.

865 80 1004 116 Auferat
1029 76 1183 111 tristifica

914 128 1065 162 Hostium
1090 127 1288 157 nostrorum.

863 179 970 216 Vallis
996 182 1033 211 tu
1058 187 1091 211 es
1116 176 1248 210 humilis

911 228 1042 262 Pollens
1067 224 1148 258 flore
1172 225 1267 265 miro,

863 278 924 317 Qui
950 278 999 309 est
1024 272 1230 308 admirabilis

911 325 994 358 Toto
1019 322 1133 355 mundi
1158 330 1248 364 gyro,

864 374 963 408 Salva
992 380 1054 414 me,
1082 369 1232 403 amabilis

909 420 1020 455 Mater
1044 420 1115 451 sine
1139 419 1221 460 viro,

862 471 943 505 Cum
971 467 1162 503 decumbam
1190 464 1308 498 debilis

911 519 950 551 In
975 518 1132 557 languore
1160 515 1242 547 diro.

863 569 1013 606 Xristum
1037 573 1151 602 natum
1176 567 1322 608 sequeris

912 620 1026 654 Coelos
1053 617 1285 651 ascendentem

861 668 908 701 Et
931 676 1028 700 carne
1052 667 1087 699 in
1115 665 1259 698 dexteris

912 715 1021 749 Patris
1047 715 1257 753 residentem,

859 760 901 796 111
929 764 1028 796 sorde
1050 771 1104 795 me
1129 762 1263 795 sceleris

911 812 1036 845 Releva
1056 812 1231 852 jacentem,

863 860 1010 893 Maxime
1038 860 1074 892 in
1097 859 1236 892 Veneris

912 908 1029 942 Scabie
1054 908 1252 941 sordentem.

863 959 1038 997 {di-aulae
1064 961 1273 994 concentibus

912 1011 1020 1051 Hujus
1045 1019 1107 1051 pro
1132 1010 1256 1042 honore

863 1060 934 1092 Tuo
958 1058 1185 1091 insistentibus

912 1108 1048 1148 Tuoque
1072 1115 1184 1139 amore

863 1155 1005 1188 Subveni
1032 1155 1171 1187 celerius

913 1203 1032 1236 Mortis
1056 1202 1091 1234 in
1118 1211 1249 1244 angore,

863 1251 915 1284 Ne
942 1251 1155 1284 succumbant
1180 1250 1353 1284 fraudibus

910 1300 1024 1333 Hostis
1050 1300 1105 1332 vel
1129 1302 1253 1335 tenore.

866 1350 1062 1387 Zabolinum
1087 1356 1232 1393 contere,

913 1401 1092 1445 Deprecor,
1114 1402 1297 1442 jurgamen,

866 1450 945 1483 Cum
971 1459 1069 1490 cogar
1094 1451 1247 1483 assistere

910 1500 998 1531 Ante
1020 1498 1220 1543 judicanien,

864 1547 963 1580 Adsit
988 1547 1069 1580 mihi
1093 1555 1235 1588 propere

911 1595 1014 1628 Tuum
1040 1598 1119 1628 tunc
1141 1597 1307 1637 juvamen,

863 1644 931 1685 Quo
958 1645 1082 1686 possim
1109 1644 1283 1678 devincere

916 1693 1017 1726 Omne
1043 1694 1174 1727 malum.
1225 1695 1343 1729 Amen.

153 1747 235 1776 Orat.
257 1757 310 1777 ms.
331 1749 531 1785 Tegrinsense
569 1758 628 1777 aec.
653 1747 689 1777 15
713 1749 786 1777 Olm.
800 1750 919 1779 Monac.
942 1748 978 1779 19
988 1748 1047 1779 524
1066 1750 1117 1779 fol.
1139 1749 1176 1780 68
1196 1752 1225 1780 b.
1239 1752 1276 1780 A.
1290 1767 1328 1772 —
1343 1752 1426 1781 Orat.

77 1795 131 1814 ms.
154 1786 352 1823 Tegrinsansn
373 1795 450 1816 saec.
474 1787 546 1816 Olm.
571 1789 743 1817 Munaoens.
768 1786 868 1818 19353
888 1789 939 1818 fol.
961 1788 1000 1818 44
1021 1790 1049 1818 b.
1071 1790 1105 1818 B.

428 1882 706 1927 Rosariorum
742 1883 880 1928 series
918 1883 1051 1941 prior.

601 1960 650 1993 48.
672 1960 844 1994 Rosarium
864 1961 886 1994 I.

100 2087 132 2122 1.
159 2088 240 2128 Ave,
269 2090 386 2122 summi
411 2091 566 2131 genitoris

207 2137 288 2170 Nati
312 2141 417 2171 mater
442 2140 564 2183 inclita,

159 2184 267 2218 Corda
292 2190 405 2219 nostra
427 2197 488 2228 per
511 2189 631 2221 amoris

194 2233 258 2266 Tui
281 2233 445 2268 flammam
471 2236 587 2276 excita,

158 2281 361 2315 Veneremur
388 2284 511 2317 cunctis
533 2284 623 2317 horis

210 2329 258 2362 Te
282 2334 319 2363 ut
343 2332 442 2365 laude
469 2332 589 2365 debita.

804 2095 835 2126 2.
863 2093 946 2127 Ave.
977 2094 1080 2126 dulcis
1107 2104 1125 2126 o
1151 2093 1270 2133 Maria,

911 2141 1025 2174 Mat-„er
1050 2142 1153 2182 prolis
1180 2145 1323 2185 tenerae,

865 2188 925 2223 Cui
949 2190 984 2221 in
1007 2190 1073 2222 ista
1096 2189 1276 2231 hymnodia

915 2237 1101 2280 Cogitamus
1127 2238 1281 2279 psallere,

865 2285 936 2319 Fac
958 2294 1019 2318 nos
1044 2286 1108 2318 hac
1132 2285 1226 2319 finita
1249 2288 1305 2320 via

916 2334 1028 2375 Stygis
1053 2343 1177 2375 poenas
1203 2334 1327 2376 fugere.
