1656 2674
698 54 963 91 —191—

151 303 212 336 32.
239 302 338 344 Cujus
366 313 496 338 crucem
517 307 643 347 jugiter

285 353 380 386 decet
404 354 566 394 venerari,

237 401 324 442 Quos
351 405 480 434 constat
500 403 686 444 benigniter

282 458 345 490 per
368 450 455 483 hanc
478 451 616 484 liberari

230 498 264 531 A
290 498 395 539 culpis
423 502 455 531 et
479 500 623 540 pleniter

282 556 406 587 poenas
431 548 577 582 relaxari

233 594 280 628 Et
304 596 353 628 ita
376 595 523 629 finaliter

281 643 475 677 beatificari.

146 732 203 766 33.
229 730 332 771 Cujus
358 739 455 763 cruce
481 729 606 763 debiles

278 779 387 811 nostri
410 781 583 811 recrentur

230 828 277 862 Et
303 828 347 861 ad
371 827 494 861 bonum
519 826 654 868 fragiles

279 876 343 909 hac
367 875 597 916 fortificentur,

228 925 318 966 Quae
339 928 371 958 et
395 925 603 958 invincibiles

275 974 386 1006 hostes
414 973 606 1015 effugentur,

228 1022 425 1063 Credulique
448 1020 576 1054 flebiles

273 1071 323 1102 ita
347 1071 565 1103 consolentur.

144 1159 202 1192 34.
230 1158 291 1199 Qui
317 1167 391 1192 cum
415 1167 474 1190 suo
500 1157 657 1199 sanguine

273 1215 403 1238 crucem
429 1205 643 1246 consecravit,

222 1255 303 1288 Cum
326 1256 362 1288 in
388 1254 451 1287 hac
475 1264 538 1296 pro
564 1254 701 1286 crimine

269 1307 383 1337 nostro
408 1303 583 1344 laboravit,

223 1351 380 1387 Satanam
403 1352 570 1385 molimine

271 1411 331 1435 suo
356 1401 405 1434 sic
429 1402 586 1442 privar-in

223 1450 317 1491 Quod
341 1451 444 1483 multo
472 1449 640 1482 conamine

272 1502 388 1532 eontra
412 1507 472 1531 nos
497 1498 640 1539 paravit.

138 1588 194 1621 35.
223 1587 284 1628 Qui
305 1586 410 1619 crucis
434 1586 592 1627 m5sterio

269 1636 425 1669 Satanam
450 1634 641 1675 prostravit,

221 1685 275 1718 Ab
303 1686 373 1726 ejus
401 1683 544 1717 dominio

267 1734 317 1766 sie
340 1742 400 1766 nos
424 1731 590 1771 liberavit,

216 1783 331 1824 Ipsum
356 1781 468 1823 Stygis
491 1780 600 1813 crucio

264 1832 314 1864 sic
333 1829 566 1870 incarceravit,

214 1881 280 1914 Per
303 1880 366 1913 hoc
390 1889 450 1913 nos
477 1879 642 1911 consortio

267 1939 326 1964 suo
353 1928 535 1969 adoptavit.

132 2019 189 2052 36.
219 2016 318 2058 Cujus
344 2024 442 2049 cruce
468 2015 606 2047 crimina

264 2070 381 2098 nostra
405 2064 597 2097 relaxentur

213 2115 260 2149 Et
284 2115 444 2146 virtutum
468 2113 594 2145 semina

263 2164 298 2195 in
323 2172 385 2195 nos
410 2162 623 2204 seminentur,

214 2212 370 2246 Hostium
394 2211 564 2244 molimina

263 2261 388 2294 eminus
413 2259 568 2302 fugentur

212 2309 259 2343 Et
285 2310 476 2343 credentum
501 2309 632 2351 agmina

261 2359 310 2392 sic
334 2358 565 2392 laetificentur.

803 210 863 245 IV.

863 309 919 342 37.
946 309 1047 349 Quem
1072 309 1181 349 gravis
1208 310 1376 343 calamitas

990 357 1134 397 undique
1159 359 1339 400 premebat,

945 405 1031 438 Nam
1053 406 1087 437 in
1115 415 1152 438 eo
1178 406 1300 439 sanitas

989 454 1081 486 nulla
1104 454 1303 493 remanebat,

941 503 1081 536 Carnem
1106 503 1237 543 quidem
1262 505 1409 544 gravitas

990 559 1116 590 poenae
1147 550 1326 592 affligebat.

941 598 1141 632 Judaeorum
1164 601 1311 641 pravitas

990 648 1132 680 animam
1157 649 1309 689 angebat.

854 734 911 767 38.
938 735 1080 775 Propter
1103 743 1199 775 quem
1223 736 1387 777 quassatio

989 781 1026 815 fit
1054 786 1285 816 creaturarum.

938 831 1074 863 Tit-nbat
1098 840 1169 863 cum
1196 833 1281 864 actio

986 880 1104 911 virium
1129 888 1250 921 earum,

937 927 1036 960 Aeris
1062 927 1258 970 obscuratio,

984 976 1098 1009 scissio
1122 980 1303 1016 petrarum,

937 1024 994 1058 Sol
1019 1034 1039 1056 a
1064 1033 1123 1057 5110
1148 1025 1243 1058 radio

986 1072 1097 1105 deficit
1120 1081 1187 1105 non
1211 1082 1339 1113 parum.

852 1160 909 1193 39.
937 1159 1036 1199 Cujus
1060 1163 1166 1192 morte
1191 1160 1354 1193 scinditur

981 1208 1092 1240 velum
1116 1208 1233 1249 templi
1256 1208 1321 1241 Dei

933 1256 1039 1289 Terra
1062 1260 1152 1289 motu
1176 1258 1324 1297 quatitur

983 1304 1192 1346 suffragando
1218 1306 1248 1338 ei

933 1353 1000 1387 Sed
1027 1362 1083 1386 cor
1106 1362 1172 1386 non
1194 1356 1391 1395 compatitur

982 1402 1059 1435 vani
1084 1402 1261 1443 pharisaei,

931 1451 999 1485 Sed
1020 1459 1092 1490 nec,
1119 1460 1181 1491 quo
1207 1451 1379 1485 occiditur.

978 1499 1074 1540 impii
1098 1500 1228 1534 Judaei.

845 1585 904 1621 40.
933 1587 1031 1628 Cujus
1059 1596 1132 1620 cum
1160 1587 1314 1628 discipuli

978 1636 1094 1669 laudes
1121 1638 1345 1669 tractaverant

928 1685 1010 1723 Has,
1037 1687 1075 1716 ut
1099 1685 1188 1716 servi
1211 1685 1320 1718 seduli

978 1733 1108 1775 lapides
1132 1738 1352 1774 promserunt,

926 1780 1166 1815 Defunctorum
1191 1782 1307 1814 tumuli

976 1832 1043 1863 suis
1065 1833 1242 1871 patuerunt

928 1879 998 1912 Nee
1022 1879 1200 1920 quidquam
1221 1879 1384 1912 obstaculi

976 1928 1058 1970 ipsis
1081 1928 1316 1969 praebuerunt.

840 2017 898 2050 41.
927 2016 1026 2056 Cujus
1051 2016 1087 2049 in
1112 2016 1274 2056 exsequiis

973 2068 1083 2097 mente
1111 2065 1278 2097 doleamus

924 2115 976 2147 Ac
1000 2122 1062 2155 pro
1085 2114 1208 2146 nostris
1233 2113 1324 2147 vitiis

974 2161 1120 2204 guaviter
1143 2171 1318 2207 gemamus,

924 2211 1075 2253 Virginis
1101 2211 1261 2253 angustiis

973 2261 1022 2293 sio
1048 2260 1287 2297 condoleamus,

923 2309 1008 2352 Ejus
1032 2312 1068 2341 ut
1094 2310 1256 2342 consortio

972 2356 1103 2401 perfrui
1128 2367 1293 2400 queamus,
