1656 2674
116 123 171 158 17.
199 121 291 158 Rosa
316 123 429 164 spinae
454 123 574 160 nescia,

247 171 370 205 Mirum
397 171 477 203 daus
503 170 638 202 odorem

201 219 261 260 Qui
288 219 447 258 exstirpat
472 218 564 256 vitia,

246 267 313 300 Dat
335 266 435 298 menti
461 265 617 306 vigorem,

198 315 266 348 Fac
290 323 350 355 pro
376 316 432 345 tua
455 313 563 353 gratia

247 362 348 396 Tuum
376 361 416 393 ob
443 362 598 394 honorem

199 410 306 444 Corda
332 408 567 442 inflammantia

247 457 370 491 Nostra
395 458 434 490 ob
462 465 614 491 amorem.

111 526 167 561 18.
198 522 304 566 Salve,
333 526 431 558 decus
457 524 618 565 virginum

243 573 315 607 Tua
340 573 501 615 castitate,

195 621 375 655 Mediatrix
401 621 566 654 hominum

242 671 282 703 In
304 669 517 711 fecunditate,

195 719 262 753 Ora
284 728 345 759 pro
369 727 421 750 me
446 717 620 751 Dominum

240 767 312 800 Tua
334 767 468 808 pietate,

191 815 258 848 Det
283 820 359 856 post
383 816 470 848 vitae
494 815 668 848 terminum

246 864 363 897 Vivere
387 864 492 896 beate.

107 932 165 967 19.
193 929 297 966 Terra
323 931 492 964 inarabilis

240 980 313 1013 Viri
338 989 398 1021 per
420 979 577 1022 laborem,

191 1027 366 1062 Proferens
393 1028 588 1061 christicolis

240 1077 477 1110 Admirandum
504 1075 628 1117 florem,

192 1125 253 1164 Qui
280 1134 349 1157 cum
376 1124 508 1157 laudum
535 1125 639 1157 titulis

240 1173 317 1206 Tibi
344 1174 398 1206 dat
423 1173 579 1205 honorem

191 1221 295 1254 Nobis
319 1222 383 1253 tuis
408 1220 539 1253 famulis

241 1270 366 1311 gratiae
392 1269 447 1301 det
470 1278 578 1301 rorem

106 1339 162 1372 20.
192 1334 279 1371 Vide
305 1337 346 1369 de
372 1337 565 1370 coelestibus

241 1385 350 1419 Ocu1is
376 1384 523 1427 benignis

187 1433 256 1467 Hos
281 1443 360 1474 quos
386 1434 594 1476 purgatorius

238 1482 345 1515 Nimis
370 1485 486 1522 gravat
508 1482 603 1524 ignis,

755 24 825 61 150
875 45 922 49 —

817 330 872 365 21.

813 738 869 770 22.

808 1145 864 1178 23.

905 121 951 154 Ut
976 122 1017 152 ab
1044 119 1146 151 hostis
1171 116 1298 150 ictibus

952 167 1057 200 Soluti
1081 165 1232 206 malignis

903 216 950 248 Te
974 214 1111 248 laudent
1137 212 1285 245 devotius

949 262 1139 295 Harmoniis
1167 260 1283 302 dignis.

900 327 1009 364 Xristi
1035 329 1083 361 tui
1108 328 1169 362 fflii

949 378 1041 419 Rogo
1063 381 1098 409 te
1120 386 1182 419 per
1206 380 1362 417 mortem,

898 426 981 467 Ejus
1008 434 1059 458 me
1085 425 1255 466 opprobrii

949 473 1067 508 Facias
1094 478 1287 515 consortem,

897 523 945 556 Et
969 523 1050 556 hora
1075 523 1195 555 excidii

951 571 1066 605 Carnis
1092 571 1146 605 fac
1168 580 1223 604 me
1242 570 1368 604 fortem:-

898 621 1036 653 Aeterni
1062 620 1169 654 exsilii

946 670 1074 703 Poenas
1095 678 1139 702 ne
1161 671 1338 710 reportem.

896 734 1044 772 Yesseae
1068 737 1258 778 propaginis

945 785 1065 825 Radix,
1093 784 1202 818 ferens
1227 784 1345 818 florem

895 834 976 867 Miri
1002 834 1212 874 odoraminis‚

947 882 1008 922 Qui
1033 886 1182 924 praestat
1208 882 1392 924 dulcorem,

896 931 959 964 Hic
984 932 1032 964 tui
1057 930 1275 971 praecaminis

943 980 1076 1012 Virtute
1101 978 1260 1012 foetorem

893 1028 1002 1061 Pellat
1026 1029 1090 1061 mei
1118 1028 1263 1061 criminis

939 1076 985 1110 Et
1010 1077 1113 1109 hostis
1140 1075 1293 1110 furorem.

893 1141 1047 1178 Zelantes
1073 1154 1132 1177 nos
1159 1144 1287 1185 perfide

940 1192 1131 1233 Eorumque
1156 1201 1311 1226 conamen

890 1241 1018 1283 Preme,
1045 1244 1161 1281 mater,
1187 1241 1327 1282 provide

942 1289 1047 1322 Tuum
1073 1298 1133 1330 per
1159 1298 1302 1331 oramen,

893 1337 945 1370 Ne
969 1338 1139 1371 vincamur
1165 1338 1287 1371 callide

941 1386 1067 1419 Horum
1092 1396 1153 1427 per
1179 1386 1384 1431 fraudamen‚

892 1435 939 1468 Ut
963 1435 1133 1468 laudemus
1158 1434 1287 1469 fervide

943 1483 992 1517 Te
1015 1484 1049 1516 in
1076 1493 1202 1519 aevum.
1252 1485 1370 1518 Amen.

182 1549 264 1577 Orat.
286 1557 340 1577 ms.
358 1549 558 1585 'regi-insensa
578 1557 655 1578 saec.
674 1548 709 1577 15
729 1549 801 1577 Olm-
816 1550 935 1579 Monac.
961 1548 995 1578 19
1003 1548 1062 1579 824
1081 1551 1133 1579 fol.
1158 1550 1194 1579 67
1215 1560 1235 1580 a
1249 1551 1287 1579 A.
1307 1569 1345 1572 —
1370 1552 1460 1582 Orat.

103 1596 157 1616 ms.
179 1588 378 1624 Tegrinsense
399 1596 476 1616 saec.
499 1586 546 1616 15.
569 1586 641 1615 Clm.
662 1588 834 1617 Monacens.
860 1587 895 1618 19
904 1587 961 1619 353
981 1589 1032 1617 fol.
1053 1588 1091 1618 43
1113 1599 1140 1618 a.
1161 1590 1193 1618 B.

600 1701 649 1733 47.
693 1701 910 1735 Abecedarius
932 1705 959 1736 7.

127 1782 157 1815 1.
185 1778 285 1824 Arca,
312 1791 395 1823 quae
420 1783 616 1816 charismata

232 1830 314 1863 Fers
340 1831 430 1872 plebi
457 1833 615 1874 credenti,

184 1879 418 1914 Perversorum
446 1881 599 1922 dogmata

232 1928 379 1962 Fortiter
404 1931 583 1970 spernenti,

183 1977 310 2010 Adesto
335 1981 487 2018 poemata

229 2026 322 2059 Haec
347 2025 408 2058 tibi
435 2028 574 2069 canenti,

181 2073 328 2116 Abigens
353 2074 583 2116 phantasmata

232 2123 345 2156 Hostis
371 2123 534 2157 virulenti.

122 2191 155 2223 2.
183 2185 366 2223 Benedicta
392 2191 511 2224 cellula

230 2237 429 2279 Sempiterni
456 2239 545 2283 solis,

182 2285 282 2326 Quem
307 2286 423 2320 laudas
448 2296 509 2328 per
534 2288 663 2320 saecula

231 2335 306 2368 Jam
330 2336 491 2369 translata
513 2335 609 2376 polis,

830 2000 860 2033 3.

890 1785 1058 1819 Momenta
1081 1795 1142 1826 per
1163 1787 1292 1828 singula

938 1834 1051 1867 Hostis
1077 1844 1210 1875 premor
1237 1836 1334 1878 dolis,

894 1882 978 1922 Quos
1004 1886 1050 1924 tu,
1077 1887 1182 1917 mater
1207 1884 1334 1927 sedula,

937 1930 1044 1964 Aufer
1071 1932 1155 1966 dono
1181 1933 1296 1973 prolis.

891 1995 1026 2033 Carmen
1052 2000 1114 2032 hoc
1139 2001 1373 2040 hydraulicum

937 2047 1001 2081 Vel
1024 2048 1088 2081 hoc
1107 2050 1334 2090 praedicatum

889 2096 995 2129 Tuum
1020 2097 1141 2130 reddat
1158 2098 1289 2130 unicum

936 2144 1071 2177 Miseris
1096 2146 1272 2186 placatum,

887 2192 933 2225 Ut
958 2201 1018 2225 nos
1042 2196 1119 2233 post
1141 2193 1327 2226 tristificum

935 2240 1043 2280 Hujus
1067 2241 1182 2275 mundi
1207 2245 1345 2283 statum,

885 2287 1052 2321 Perdueat
1076 2289 1120 2321 ad
1148 2289 1304 2322 coelicum

933 2336 1083 2376 Regnum
1108 2339 1142 2369 et
1164 2336 1310 2371 beatum.
