1656 2674
151 174 207 209 12.

149 589 204 622 13.

150 1001 203 1034 14.

145 1413 203 1449 15.

143 1823 198 1857 16.

142 2234 197 2267 17.

233 169 368 213 Magnus
391 171 478 211 juste
505 169 623 202 diceris

283 220 347 254 Sed
372 219 429 251 abs
455 218 644 259 quantitate,

234 269 407 308 Bonusque
433 266 626 299 describeris

283 316 359 349 Sine
389 315 554 356 qualitate,

234 365 333 399 Unde
356 364 445 396 recte
474 362 590 395 coleris

281 412 411 445 Summa
434 411 557 451 pietate

232 461 278 493 Et
302 469 322 492 a
345 468 397 491 me
420 468 502 500 prae
526 459 642 491 ceteris

279 509 365 541 Vera
390 507 536 542 caritate.

231 583 320 627 Noys
346 581 453 630 [νοῦς]
477 593 566 617 meus
592 584 692 626 igitur

280 634 370 666 Tuae
389 633 552 673 majestati

229 682 349 715 Merito
373 682 593 722 prosternitur

280 728 441 763 Confitens
467 730 592 770 peccati

229 778 403 819 Maculam,
431 778 595 811 addicitur

278 826 347 866 Qua
376 826 558 867 captivitati

228 874 441 915 Hostiumque
466 875 609 907 traditur

277 923 370 956 Juste
394 923 559 963 potestati.

233 996 258 1033 Ο
286 998 384 1032 foeda
409 998 599 1032 deformitas

278 1048 409 1080 Peccati
433 1048 592 1088 mortalis,

231 1095 298 1135 Quo
324 1105 448 1127 summa
475 1096 627 1128 divinitas

278 1143 449 1185 Spernitur
475 1153 494 1175 a
518 1144 623 1185 malis,

228 1191 378 1224 Demitur
407 1192 546 1224 beatitas

277 1240 373 1272 Vitae
398 1240 580 1272 aeternalis.

228 1288 410 1320 Incurritur
436 1288 601 1321 calamitas

282 1336 411 1369 Poenae
435 1336 632 1377 gehennalis.

228 1408 324 1448 Patri
348 1423 470 1446 summo
500 1414 612 1455 gloria,

275 1461 360 1493 Nato
387 1463 624 1504 pneumatique,

228 1508 294 1541 Sua
319 1519 389 1542 cum
414 1511 562 1551 potentia

276 1557 336 1597 Qm·
361 1561 476 1600 regnat
499 1559 628 1600 ubique,

227 1605 382 1647 Protegat
404 1616 462 1639 nos
488 1608 594 1648 gratia

276 1654 347 1686 Tua
372 1655 552 1696 utrobique,

228 1701 312 1741 Quos
337 1706 453 1744 gravat
476 1705 601 1737 malitia

274 1751 453 1784 Pravorum
475 1752 593 1793 inique.

227 1820 354 1865 Quippe
379 1823 480 1857 Satan
504 1823 675 1860 fraudibus

275 1871 349 1904 Suis
374 1882 432 1905 nos
457 1874 598 1907 latenter

227 1920 362 1961 Turbat‚
392 1922 587 1955 satellitibus

275 1968 340 2001 Sed
364 1972 463 2002 vexat
485 1973 645 2014 patenter,

225 2017 369 2050 Petimus
395 2019 550 2051 attentius

273 2066 381 2106 Atque
405 2072 603 2110 reverenter,

225 2113 367 2146 Subveni
393 2116 529 2148 celerius

272 2162 375 2195 Nobis
401 2173 440 2196 ac
463 2168 623 2205 potenter.

223 2231 347 2268 Rerum
372 2236 456 2268 alme
482 2238 631 2271 conditor

272 2282 317 2315 Et
341 2286 448 2317 rector
474 2294 594 2327 earum,

226 2330 328 2370 Quem
350 2332 487 2366 laudare
510 2336 628 2369 molior

275 2380 426 2414 Carmine
448 2391 646 2427 neumarum,

699 70 942 106 —28„-

848 391 905 426 18.

846 807 902 841 19.

844 1224 901 1257 20.

841 1634 898 1668 21.

841 2048 898 2082 22.

933 166 1000 199 Sed
1026 167 1089 199 heu
1113 165 1213 197 miser
1238 164 1390 205 inquiner

981 214 1143 247 Faecibus
1170 214 1350 254 culparum,

932 263 1031 297 Unde
1054 271 1141 294 nunc
1164 262 1328 303 impedior

982 312 1012 344 A
1038 311 1132 344 bonis
1157 320 1223 343 non
1247 319 1375 352 parum.

933 386 1029 424 Sibos
1055 388 1260 422 admirabilis

982 437 1125 471 Cunctae
1149 439 1328 480 creaturae,

930 486 977 519 Et
1002 495 1079 519 vere
1104 485 1255 518 amabilis

981 535 1075 568 Omni
1100 534 1202 566 menti
1226 542 1339 574 purae,

929 583 987 616 Me
1009 583 1153 624 mihique
1177 582 1316 616 vinculis

980 632 1176 672 Conjunctos
1201 634 1339 664 naturae

928 680 1072 713 Mundes
1098 690 1119 712 a
1143 679 1281 720 piaculis

979 729 1090 762 Omnis
1115 729 1325 769 imposturae.

930 803 1026 840 Thau
1051 806 1186 847 signatis
1211 805 1374 838 mentibus

978 855 1153 887 Servorum
1177 857 1308 887 tuorum

927 903 1135 935 Laudantum
1162 902 1371 935 concentibus

979 950 1106 984 Horum
1131 953 1165 982 tc
1188 950 1383 990 hymnorum

931 999 1075 1032 Subveni
1101 999 1238 1031 celerius

978 1047 1109 1080 Meritis
1135 1050 1321 1080 sanctorum

928 1096 1055 1129 Pressis
1080 1095 1299 1128 simultatibus

976 1144 1259 1177 Adversariorum.

927 1219 1009 1256 Usia
1033 1221 1193 1254 mirabilis

977 1270 1116 1303 Sanctae
1140 1269 1310 1310 trinitatis,

928 1318 1057 1351 Summe
1082 1318 1278 1351 venerabilis

976 1367 1132 1401 Omnibus
1164 1366 1293 1406 creatiS‚

926 1415 974 1447 Te
999 1419 1029 1448 et
1057 1424 1115 1457 ego
1139 1415 1277 1448 vinculis

975 1464 1113 1496 Tractus
1141 1463 1286 1496 caritatis

925 1512 1074 1545 Veneror
1096 1513 1147 1545 his
1172 1512 1278 1544 titulis

974 1560 1050 1594 Sive
1073 1561 1285 1601 praedicatis.

924 1631 1042 1668 Xriste
1065 1634 1155 1675 patri
1180 1633 1297 1665 similis

974 1682 1087 1715 Virtus
1114 1685 1147 1714 et
1170 1682 1288 1723 imago,

924 1732 956 1764 A
982 1740 1044 1772 quo
1068 1730 1243 1764 ineffabilis

974 1780 1050 1813 Tibi
1076 1783 1127 1812 est
1151 1788 1309 1821 propago,

924 1829 987 1862 Tui
1012 1829 1118 1861 sancti
1140 1828 1280 1861 nominis

974 1877 1137 1910 Virtutem
1161 1877 1282 1919 indago

925 1925 1027 1965 Quem
1051 1926 1085 1958 vi
1110 1926 1216 1959 sancti
1242 1924 1381 1958 flaminis

975 1974 1096 2008 Genuit
1120 1975 1243 2016 virago.

924 2043 1107 2090 Yschyros,
1133 2047 1304 2089 mirabilis,

975 2096 1074 2137 Cujus
1100 2095 1259 2129 fortitudo

923 2144 1046 2177 Exstat
1068 2145 1268 2178 invincibilis

974 2192 1050 2225 Sive
1075 2193 1276 2235 magnitudo,

926 2242 1052 2274 Horum
1076 2242 1210 2275 laudum
1236 2242 1341 2276 titulis

973 2290 1031 2322 Me
1055 2290 1109 2330 qui
1133 2300 1221 2323 nunc
1244 2291 1374 2334 insudo,

927 2337 1112 2379 Gonjungat
1137 2340 1311 2385 coelicolis]

976 2387 1048 2420 Tua
1068 2390 1293 2424 mansuetudo.
