1656 2674
156 169 212 202 11.

154 467 208 500 12.

153 764 209 798 13.

155 1062 209 1096 14.

154 1360 209 1394 15.

152 1659 208 1693 16.

238 166 327 203 Luce
350 168 399 200 sic
422 167 605 199 illuminata

286 217 444 257 Divisque
467 213 658 255 fulgoribus,

236 266 324 298 Ecce
348 264 416 305 regi
444 263 640 302 desponsata

284 313 414 354 Magnis
441 320 512 343 cum
536 308 712 342 honoribus

238 362 372 402 Absque
397 359 519 392 cunctis
545 358 686 391 delicata

286 408 429 449 Quiescis
455 406 665 440 moeroribus.

236 464 344 505 Modo,
371 475 464 498 soror
485 464 677 506 ,iucundam

286 515 362 548 Istis
388 514 422 547 in
448 513 584 553 deliciis,

236 563 338 596 Nemo
364 566 472 603 potest
497 562 680 602 adaequare

285 611 373 650 Quae
395 610 565 642 mundanis
591 608 728 650 gaudiis,

236 659 307 691 Nec
331 658 524 700 quibusdam
549 657 706 698 indagare

284 707 412 740 Saeculi
434 707 589 739 scientiis.

235 762 361 806 Nempe
384 765 431 797 ibi
458 763 648 797 defecerunt

284 813 473 846 Scrutantes
498 812 664 852 scrutinio,

235 862 386 902 Quamvis
411 861 512 894 multa
536 862 731 899 invenerunt

285 909 349 942 Suo
376 910 540 950 exercitio,

235 958 380 990 Tandem
409 960 517 990 tamen
542 958 712 998 perierunt

282 1006 399 1038 Mortis
426 1006 625 1039 exterminio.

239 1060 263 1097 Ο
290 1064 441 1096 miranda
464 1064 568 1096 virtus
593 1064 666 1105 Dei,

284 1112 397 1145 Virtus
425 1112 615 1153 indicibilis,

238 1160 373 1200 Quaeso,
398 1160 554 1192 miserere
578 1160 642 1192 mei

284 1208 424 1241 Servans
450 1217 469 1240 a
492 1209 640 1249 piaculis,

235 1256 412 1289 Extremae
440 1256 522 1289 hora
546 1257 598 1289 dei

284 1306 391 1345 Junge
415 1313 467 1336 me
492 1305 663 1337 coelicolis.

236 1358 358 1395 Pietati
382 1363 609 1395 recommendo

284 1410 374 1442 Tuae
398 1419 504 1442 meum
529 1411 685 1452 genimen,

236 1458 335 1491 Tutes
361 1459 468 1499 ipsum
494 1459 694 1501 protegendo

284 1506 332 1539 Ut
356 1516 416 1547 per
440 1510 530 1539 tuum
555 1508 699 1548 regimen

237 1554 308 1587 Nec
332 1564 395 1587 non
420 1556 500 1596 ipsis
526 1556 728 1596 providendo

285 1602 523 1644 Sempiternum
549 1605 676 1637 alimen.

237 1659 382 1701 Quantas
406 1662 630 1695 miserationes

283 1709 367 1742 Mihi
394 1709 521 1743 confers
545 1711 673 1756 misero,

236 1758 422 1791 Gratiarum
448 1760 591 1792 actiones

282 1808 347 1840 Pro
374 1807 488 1848 quibus
514 1818 600 1841 nunc
624 1808 742 1851 refero,

236 1855 306 1888 Nec
331 1856 374 1888 ad
399 1856 636 1896 inquinationes

282 1904 339 1936 Me
362 1905 493 1937 tradam
519 1906 559 1938 de
586 1909 703 1940 cetero.

803 65 850 101 30

856 160 1052 197 17.Rorem
1078 169 1154 201 ergo
1179 168 1267 192 nunc
1291 157 1430 192 infunde

975 210 1070 253 Mihi,
1098 211 1213 241 sancta
1237 208 1380 247 trinitas,

926 260 991 292 Per
1016 267 1111 300 quem
1136 257 1279 290 mediter
1303 254 1470 297 profunde

974 307 1111 347 Semper
1135 308 1209 338 tuas
1235 305 1358 347 gratias

926 356 1047 396 Quibus
1072 355 1151 387 mihi
1174 357 1243 387 tam
1267 353 1399 386 abunde

971 403 1095 438 Mentis
1123 404 1181 436 das
1209 402 1356 436 delicias,

853 463 910 499 18.
926 459 1062 497 Sursum
1087 463 1157 505 agis
1183 470 1282 503 saepe
1306 463 1448 493 mentem

972 511 1083 543 Meam
1109 511 1153 543 ad
1177 510 1341 551 coelestia,

923 559 1021 594 Facis
1047 568 1174 601 quoque
1199 559 1419 600 quiescentem

973 609 1012 641 In
1038 608 1087 640 tui
1111 608 1278 651 memoria,

922 657 977 698 Et,
985 657 1186 698 quaemundi
1192 659 1278 698 sunt,
1285 658 1498 697 spernentem

972 706 1023 739 Ac
1049 714 1259 746 quaecunque
1285 705 1402 738 tristia.

851 764 908 798 19.
923 760 1029 797 Tuum
1056 772 1131 805 ergo
1157 762 1349 796 famulatum

972 812 1157 853 Prosequor
1183 821 1223 844 ex
1250 811 1372 853 debito,

924 860 1035 903 Quem,
1063 869 1171 901 exoro,
1198 860 1283 892 habe
1308 862 1437 900 gratum

971 909 1037 941 Pro
1061 908 1191 940 Mariae
1211 908 1339 948 merito,

923 957 970 990 Et
992 959 1069 998 post
1092 957 1205 989 mundi
1230 956 1408 988 incolatum

971 1006 1027 1038 Ad
1054 1005 1161 1037 coelos
1186 1013 1239 1037 me
1266 1004 1385 1037 ducito.

852 1064 909 1097 20.
923 1060 990 1097 Ubi
1016 1064 1154 1096 laudant
1175 1062 1397 1103 jucundanter

973 1113 1021 1145 Te
1047 1120 1119 1144 cum
1144 1112 1266 1144 sanctis
1293 1110 1452 1149 omnibus,

923 1160 1064 1202 Hymnis
1089 1160 1154 1192 tuis
1180 1160 1236 1201 qui
1261 1161 1397 1192 ovanter

973 1208 1133 1241 Insistunt
1158 1211 1192 1240 et
1214 1208 1379 1244 laudibus,

926 1257 1010 1296 Quos
1036 1257 1070 1289 in
1095 1257 1217 1289 mundo
1242 1256 1471 1297 principanter

973 1305 1059 1337 Tuta
1084 1314 1171 1337 nunc
1195 1305 1237 1338 ab
1263 1305 1423 1339 hostibus.

853 1364 908 1397 21.
925 1360 1078 1397 Xristum
1095 1371 1222 1404 quoque
1240 1363 1295 1403 qui
1320 1365 1500 1403 sequuntur

973 1412 1096 1444 Rerum
1120 1420 1181 1451 per
1205 1411 1351 1452 inopiam

924 1460 970 1492 Et
995 1461 1024 1492 ei
1051 1460 1270 1501 subjiciuntur

975 1508 1088 1542 Crucis
1112 1517 1173 1549 per
1197 1509 1391 1550 molestiam,

927 1556 1079 1590 Gratiose
1101 1557 1328 1598 perducuntur

972 1607 1012 1639 In
1037 1608 1204 1638 aeternam
1229 1606 1379 1648 gloriam.

852 1665 908 1697 22.
922 1661 1159 1698 Ymnizantum
1184 1665 1374 1706 angelorum

972 1713 1115 1745 Turmae
1138 1713 1194 1745 hic
1215 1714 1413 1754 praecipuae

923 1761 1082 1794 Trinitati
1106 1762 1230 1795 ducunt
1256 1762 1390 1795 chorum

973 1811 1110 1851 Semper
1135 1811 1337 1851 individuae,

922 1861 1036 1900 Ipsum
1061 1868 1122 1900 per
1147 1860 1303 1901 hymnum
1330 1861 1486 1894 decorum

972 1908 1162 1941 Laudantes
1189 1909 1331 1945 assidue.

502 1965 558 1997 23.
587 1962 734 2006 Zeloten,
760 1965 897 1998 verbum
922 1969 956 1999 et
978 1965 1098 2000 flamen

634 2013 835 2047 Veneremur
857 2015 990 2057 jugiter,

585 2061 759 2095 Beatorum
787 2072 882 2105 quem
908 2073 1043 2098 examen

634 2111 766 2145 Laudat
790 2113 1010 2155 aeternaliter,

587 2159 688 2199 Quem
706 2160 876 2194 laudemus
895 2165 928 2194 et
943 2172 1013 2203 nos,
1040 2171 1144 2206 amen,

634 2209 675 2242 In
703 2210 801 2242 coelis
825 2211 1022 2251 perenniter.

232 2270 314 2300 Orat.
333 2281 388 2300 ms.
404 2275 604 2310 Tegrinsense
625 2284 702 2304 saec.
725 2274 771 2304 15.
787 2276 861 2304 Cim.
876 2277 1048 2306 Monaceus.
1070 2275 1109 2306 20
1117 2276 1184 2307 016.
1205 2279 1256 2307 fol.
1280 2278 1334 2309 181
1351 2289 1370 2309 a
1384 2290 1449 2318 sqq.
1465 2297 1503 2301 —

155 2308 253 2345 „Nota
280 2311 359 2347 quod
386 2314 419 2340 in
444 2314 503 2341 isto
530 2313 640 2349 hymno
668 2323 687 2342 a
713 2315 803 2343 litera
827 2315 855 2343 E
881 2325 977 2353 usque
998 2317 1037 2345 ad
1056 2317 1177 2345 literam
1196 2318 1231 2346 M
1249 2320 1401 2350 inclusive
1424 2322 1503 2350 ratio

153 2347 290 2377 hortatur
317 2359 486 2403 sugremam
512 2353 575 2380 vim
601 2354 719 2382 animae
746 2354 785 2382 ad
811 2355 1029 2384 extendendum
1055 2364 1088 2384 se
1108 2357 1142 2384 in
1162 2356 1267 2386 divina
1287 2368 1340 2396 per
1363 2368 1503 2390 excessus

154 2388 344 2425 anagogicos.

388 2390 407 2417 f.
430 2389 485 2419 172
505 2392 534 2419 b.
