1656 2674
129 198 186 231 32.

130 611 186 645 33.

133 1026 188 1059 34.

136 1440 192 1473 35.

139 1851 195 1884 36.

143 2261 186 2294 3¹7

213 192 393 235 Exemplar
417 195 448 225 et
472 191 594 223 veritas

261 242 370 276 Omnis
395 239 525 282 speciei,

212 291 372 325 Absoluta
396 289 513 322 entitas

262 340 486 380 Cujuscunque
510 336 569 376 rei,

214 388 358 429 Supplex
383 389 416 418 te
439 384 605 417 humilitas

259 436 348 469 Petit
373 434 479 467 cordis
504 433 579 473 mei,

215 484 333 525 Culpas
357 485 395 515 ut
420 481 614 523 praeteritas

260 532 310 565 Tu
335 531 480 564 remittas
507 530 545 562 ei.

213 607 289 643 Tibi
313 609 383 641 laus
409 611 442 640 et
466 607 579 648 gloria,

261 657 404 689 Trinitas
429 656 535 691 beata,

214 705 328 738 Laude
351 702 532 736 multifaria

262 753 361 793 Quam
387 753 523 785 laudant
551 753 671 791 creata,

212 802 290 835 Mea
316 801 479 834 decoloria

261 850 386 883 Munda
410 849 463 882 vel
487 850 631 889 peccata,

213 900 252 932 In
275 907 328 930 me
353 906 434 938 quae
457 899 495 929 ut
518 896 624 929 scoria

261 947 401 979 Exstant
425 945 583 978 radicata.

214 1021 341 1058 Imnum
363 1023 461 1055 istum
488 1021 620 1055 concino

262 1072 373 1105 Mente
397 1080 462 1103 non
486 1071 614 1111 ingrata

214 1120 289 1153 Tibi
318 1128 436 1152 :ummo
461 1118 610 1159 Domino,

264 1169 363 1209 Quem
390 1168 498 1200 colunt
522 1172 641 1206 creata,

215 1217 320 1257 Hujus
347 1216 431 1249 vitae
455 1215 593 1247 termino

262 1265 381 1297 Vitave
404 1265 538 1305 peracta

217 1313 325 1346 Ducas
349 1321 401 1344 me
427 1321 498 1344 cum
523 1311 640 1353 gaudio

265 1361 319 1394 Ad
345 1370 443 1402 regna
473 1361 580 1394 beata.

218 1435 370 1472 Miranda
393 1437 546 1472 infinitas,

267 1487 353 1519 Vere
377 1489 413 1518 tu
439 1495 472 1518 es
497 1487 596 1528 Deus,

219 1535 318 1575 Quam
343 1543 404 1567 nec
429 1534 655 1568 christianitas

269 1583 365 1624 Capit
388 1592 448 1615 nec
473 1582 627 1623 Judaeusf

220 1632 296 1664 Tibi
320 1640 355 1663 se
379 1631 541 1672 pusillitas

268 1680 472 1721 Spiritusque
491 1688 592 1720 meus,

218 1728 402 1762 Prosternit
425 1728 565 1760 malitias

271 1775 431 1810 Confitens
455 1779 493 1808 ut
513 1785 598 1809 reus.

220 1847 309 1884 Mian
333 1852 367 1881 te
391 1849 605 1882 substantiam

270 1897 388 1930 Tribus
412 1898 447 1929 in
471 1897 620 1938 personis

220 1947 342 1980 Fateor
366 1955 426 1986 per
451 1946 587 1987 gratiam

270 1995 499 2038 Revelationis‚

222 2043 321 2076 Fanti
345 2043 439 2083 hujus
463 2043 603 2075 hostiam

273 2091 490 2134 Jubilatioms,

225 2139 278 2172 Da,
300 2143 374 2180 post
398 2143 535 2173 mortem
560 2140 696 2181 gloriam

273 2188 362 2220 Tuae
388 2188 532 2221 visioniS.

228 2256 253 2294 Ο
281 2259 370 2292 Deus
394 2261 564 2300 mirabilis,

274 2308 367 2340 Finis
393 2310 462 2341 sine
486 2308 560 2348 fine,

230 2356 469 2390 collaudandus
494 2358 598 2390 titulis

274 2404 386 2438 Plebis
410 2406 620 2448 Seraphinae‚

826 408 883 442 38.

828 823 883 856 39.

831 1239 887 1272 40.

833 1650 891 1685 41.

838 2067 895 2101 42.

910 184 1019 217 Sacris
1044 179 1251 214 adminiculis

958 230 1129 271 Virginum
1155 227 1289 268 reginae

909 280 1024 314 Imbue
1048 286 1100 310 me
1125 275 1247 317 regulis

960 327 1109 361 Coelicae
1136 324 1317 357 doctrinae.

909 402 1036 440 Rerum
1054 402 1279 437 exsistentium

960 453 1065 487 Causa
1090 451 1249 489 effectiva,

911 502 1013 542 Quam
1037 510 1098 542 per
1122 501 1186 533 hoc
1211 499 1383 532 servitium

961 551 1032 584 Vox
1059 549 1225 582 collaudat
1248 548 1333 587 viva,

911 599 998 632 Sana
1017 607 1078 639 per
1103 597 1282 630 remedium

958 647 1037 680 Mea
1063 645 1226 679 defectiva

910 696 1132 729 Praeservans
1157 695 1192 726 in
1217 695 1388 735 posterum

958 744 1016 777 Me
1041 753 1061 776 a
1086 742 1244 776 recidiva.

912 818 963 855 Tu
988 821 1091 854 virtus
1116 820 1319 860 omnipotens

962 869 1114 904 Summae
1137 867 1306 908 trinitatis,

912 918 978 951 Res
1004 918 1185 959 prudenter
1212 916 1358 957 dirigens

961 966 1206 1009 Universitatis‚

912 1015 970 1047 Me
993 1015 1038 1047 sis
1065 1023 1184 1056 quaeso
1210 1013 1364 1046 muniens

960 1063 1064 1095 Manu
1088 1063 1232 1104 pietatis,

914 1111 1016 1151 Quem
1042 1111 1216 1144 conturbat,
1240 1110 1390 1144 saeviens

962 1160 1021 1192 Vis
1046 1160 1266 1193 adversitatis.

916 1235 1082 1278 Antiquus
1107 1247 1184 1270 nam
1209 1237 1341 1270 fortiter

962 1286 1076 1319 Hostis
1101 1295 1154 1319 me
1178 1287 1366 1331 impugnat.

919 1334 963 1368 Ut
986 1344 1039 1367 me
1062 1333 1242 1368 infeliciter

950 1382 1007 1415 Ad
1032 1387 1202 1424 peccatum
1226 1383 1351 1423 trahat,

916 1432 1037 1464 Anima
1062 1432 1215 1465 debiliter

965 1480 1047 1521 Ejus
1071 1480 1182 1514 fraudi
1207 1482 1328 1522 obstat,

918 1528 1020 1568 Quam
1046 1530 1303 1563 misericorditer

967 1577 1126 1611 Gonforta
1148 1588 1191 1611 ne
1217 1579 1325 1612 cadat.

918 1647 991 1684 Lux
1016 1651 1265 1693 inaccessibilis,

967 1698 1041 1731 Lux
1066 1710 1084 1733 0
1111 1701 1323 1745 sempiterna,

920 1747 1051 1780 Summe
1077 1750 1247 1792 diligibilis

967 1797 1100 1831 Virtute
1123 1799 1264 1843 interna,

921 1844 1019 1878 Solve
1043 1857 1101 1880 nos
1128 1857 1148 1880 a
1173 1848 1312 1880 vinculis

968 1894 1159 1937 Umbraque
1187 1900 1335 1938 veterna,

920 1942 1096 1977 Ducendos
1123 1945 1163 1978 ab
1191 1946 1316 1987 angelis

970 1992 1010 2024 In
1037 1994 1201 2027 coelorum
1223 2003 1337 2030 verna.

922 2064 1054 2102 Ibidem
1076 2068 1266 2108 jucunditas

960 2116 1135 2149 Habitanti
1161 2117 1269 2157 datur!

922 2164 988 2197 Per
1012 2168 1057 2206 te,
1086 2168 1200 2198 sancta
1225 2166 1367 2207 trinitas,

975 2215 1057 2248 Cum
1081 2216 1116 2245 te
1142 2215 1393 2258 contemplatur,

922 2261 969 2294 Et
993 2271 1066 2294 mea
1090 2262 1254 2302 pusillitas

973 2310 1059 2342 llluc
1082 2310 1294 2353 perducatur,

928 2357 1121 2391 Sanctorum
1151 2361 1364 2395 communitas

979 2407 1047 2441 Ubi
1073 2408 1242 2449 gloriatur.
