1656 2674
706 60 971 97 —196—

171 317 228 351 31.
256 316 356 356 Quem
381 314 458 347 olim
484 313 624 346 feliciter

167 742 222 775 32.

165 1169 221 1202 33.

164 1595 221 1628 34.

165 2023 220 2056 35.

301 364 410 397 vivum
436 361 606 395 deferebas

253 412 324 444 Nec
347 420 412 444 non
436 410 661 445 maternaliter

296 460 362 501 ipsi
387 458 621 500 applaudebas,

251 509 332 542 Post
355 507 428 540 sinu
452 505 606 539 flebiliter

297 558 459 589 mortuum
484 554 617 588 tenebas

247 604 293 637 Et
317 603 564 637 lacrimabiliter

297 653 363 694 ipsi
389 651 595 685 condolebas.

249 741 349 781 Quem
373 739 504 772 blandis
530 737 732 779 amplexibus

298 790 342 822 ad
365 791 400 820 te
424 787 679 829 constringebas‚

249 837 392 879 Replens
419 846 474 869 cor
497 836 669 878 gemitibus

294 885 445 919 lacrimas
472 884 633 918 fundebas

250 934 471 975 Comitumque
495 932 625 966 fletibus

297 992 394 1017 causa
418 985 454 1014 tu
477 981 589 1023 fiebas,

249 1031 529 1065 Consolationibus

296 1089 431 1121 quorum
456 1080 636 1113 revivebas.

250 1166 349 1209 Quem
374 1169 419 1206 tn,
446 1170 560 1207 mater,
588 1167 702 1200 sedula

298 1216 346 1248 sic
369 1215 613 1257 lamentabaris,

251 1263 332 1304 Ejus
357 1263 503 1297 membra
528 1264 656 1305 singula

298 1312 550 1353 deosculabaris‚

248 1361 376 1403 Pectus,
405 1362 533 1403 collum,
560 1361 665 1394 latera

297 1412 374 1442 tunc
392 1409 630 1450 amplexabaris

247 1457 299 1490 Ac
323 1458 388 1499 ipsi
412 1467 472 1499 per
497 1458 604 1491 omnia

297 1507 555 1548 compatiebaris.

247 1593 343 1634 Cujus
368 1594 403 1626 in
428 1595 651 1634 pectusculum

295 1641 380 1675 forte
408 1642 569 1682 corruisti,

246 1691 316 1732 Ipsi
340 1691 500 1732 praebens
525 1693 671 1725 osculum

296 1740 395 1773 corde
419 1740 555 1774 multum
579 1741 677 1784 tristi,

249 1788 289 1821 In
313 1789 374 1822 hoc
398 1798 537 1830 namque
563 1791 690 1823 oculum

295 1837 420 1879 quoties
443 1836 563 1871 flexisti

248 1886 358 1919 Toties
386 1889 419 1918 et
439 1887 585 1927 jaculum

294 1938 401 1968 mente
426 1936 627 1975 persensisti.

248 2022 309 2062 Qui
333 2022 486 2064 myrrhae
513 2022 688 2056 fasciculus

296 2073 373 2104 tunc
396 2071 475 2104 licet
498 2081 637 2112 amarus,

246 2119 402 2153 Attamen
424 2129 505 2160 prae
531 2121 677 2154 omnibus

297 2168 359 2201 tibi
384 2166 446 2200 fuit
473 2178 576 2209 carUS,

249 2216 350 2249 Immo
377 2217 459 2249 coeli
485 2217 609 2251 civibus

298 2265 423 2298 exstitit
447 2266 646 2308 praeclarus,

249 2312 318 2353 Quo
345 2316 378 2346 et
403 2322 460 2355 ego
486 2315 632 2347 servulus

297 2364 371 2395 tuus
397 2371 467 2393 sum
493 2372 621 2395 avarus.

811 216 868 250 IV.

867 313 924 347 36.

867 740 923 773 37.

867 1169 923 1202 38.

867 1595 923 1630 39.

866 2026 923 2059 40.

953 310 1051 351 Cujus
1076 319 1171 343 sacra
1196 311 1333 343 vulnera

1002 368 1073 392 cum
1095 359 1286 399 intuebaris,

951 408 1054 449 Tunc,
1082 417 1099 441 o
1125 411 1230 440 mater
1256 411 1370 440 tenera

998 457 1136 489 multum
1163 456 1361 498 tristabaris,

952 505 1125 539 Paululum
1149 504 1218 545 sed,
1245 505 1366 537 misera

1000 554 1103 595 virgo,
1130 553 1301 595 solabaris‚

950 602 1147 636 Scansurum
1172 603 1216 635 ad
1242 602 1377 635 aethera

1001 660 1072 683 cum
1093 651 1332 684 recordabaris.

952 739 1050 779 Cujus
1077 741 1196 780 quanto
1224 738 1350 771 dulcior

998 787 1061 820 tibi
1085 786 1149 820 fuit
1174 796 1276 828 amor,

950 837 1055 869 Tanto
1081 839 1115 868 te
1140 835 1290 869 acerbior

998 887 1077 917 tunc
1101 885 1265 926 oppressit
1291 884 1394 925 dolor,

948 935 1050 975 Quem
1076 942 1149 966 cum
1173 933 1277 965 tristis
1302 941 1477 975 memoror,

999 982 1105 1015 animo
1133 981 1263 1014 desolor

949 1032 1000 1064 Ac
1024 1031 1086 1063 tibi
1113 1031 1303 1073 compatior,

998 1089 1062 1120 qua
1086 1088 1184 1120 saepe
1211 1078 1371 1112 consolor.

953 1167 1051 1207 Cujus
1078 1176 1205 1199 sacram
1231 1165 1348 1199 faciem

997 1214 1126 1249 foedam
1152 1217 1188 1247 tu
1213 1215 1336 1255 vidisti,

949 1265 995 1297 Et
1021 1273 1137 1305 corpus
1163 1272 1223 1304 per
1249 1264 1439 1304 sanguinem

999 1313 1136 1345 tinctum
1160 1312 1369 1353 conspexisti,

949 1362 1033 1395 Puto
1058 1369 1195 1402 parvam
1220 1361 1364 1402 requiem

996 1410 1120 1443 habere
1146 1410 1288 1451 quivisti,

951 1459 1125 1493 Oculorum
1151 1459 1254 1491 aciem

996 1508 1031 1540 in
1056 1510 1179 1541 terram
1201 1507 1322 1548 jecisti.

953 1596 1050 1636 Cujus
1078 1596 1185 1629 carnis
1212 1597 1362 1630 trabeam

999 1645 1104 1677 cernis
1129 1644 1318 1687 laceratam,

951 1693 1114 1735 Sanguine
1139 1696 1175 1726 ut
1199 1695 1345 1727 tunicam

999 1741 1122 1783 Joseph
1149 1745 1361 1784 cruentatam,

948 1791 1040 1832 Rogo
1066 1796 1099 1823 te
1125 1800 1216 1832 spem
1239 1792 1367 1825 unicam

996 1848 1102 1872 meam
1127 1844 1206 1873 tunc
1231 1840 1409 1884 turbatam,

949 1889 1077 1922 Munda
1101 1897 1206 1922 meam
1232 1891 1373 1923 animam

998 1940 1143 1978 peccatis
1169 1942 1346 1980 turpatam.

952 2025 1052 2066 Quem
1077 2026 1310 2060 inaestimabili

999 2074 1134 2114 planctu
1161 2075 1351 2120 deplorasti,

950 2122 1032 2164 Ejus
1057 2133 1179 2164 poenas
1204 2124 1297 2166 vigili

999 2174 1108 2204 mente
1136 2172 1212 2205 dum
1240 2174 1402 2218 tractasti,

952 2219 1038 2252 Nam
1063 2220 1150 2253 hunc
1174 2220 1333 2254 ineffabili

1002 2276 1112 2300 amore
1134 2269 1261 2310 amasti,

952 2316 1115 2356 Tempore
1136 2316 1200 2349 hoc
1223 2315 1327 2351 fiebili

1002 2364 1088 2404 quod
1113 2364 1342 2400 manifestasti.
