1656 2674
184 242 238 275 98.

184 637 239 670 99.

160 1034 176 1068 1
184 1035 227 1067 OO

162 1513 243 1547 101.

161 1912 242 1946 102.

167 2308 232 2342 103

706 28 949 64 —30-

269 133 331 173 Qui
355 135 496 165 tractant
518 130 641 171 ,iugiter

315 181 352 214 id
377 180 479 213 saeris
506 178 652 212 aedibus,

267 240 322 273 Sic
346 242 442 279 porta
466 238 576 270 clausa
603 244 636 268 es

315 289 349 320 in
377 287 470 320 domo
496 284 636 327 Domini,

267 335 375 369 Solum
401 339 490 367 stans
516 334 632 375 pervia

318 383 422 416 eidem
447 382 582 422 numini,

270 432 402 472 Quando
429 440 465 463 se
490 430 638 463 subdidit

319 481 425 513 carnis
453 479 642 518 discrimini,

269 530 306 562 In
332 538 395 569 qua
421 528 582 561 consuluit

318 577 442 617 dejecto
469 576 600 609 homini.

266 636 313 669 Es
339 643 466 677 quoque
487 635 596 677 janua,

314 684 475 726 praebens
503 682 711 716 credentibus

266 734 363 766 Vitae
386 732 567 772 introitum,

314 787 347 814 in
374 791 437 822 qua
461 780 658 821 perennibus

265 830 433 863 Fruuntur
458 828 584 870 gaudiis

316 887 386 911 cum
414 878 495 910 coeli
522 876 655 915 civibuS,

268 927 388 967 Quibus
416 925 598 966 conjungito

313 983 365 1008 me
389 976 454 1007 tuis
479 973 640 1015 precibus.

268 1033 332 1066 Sed
357 1042 419 1065 nee
442 1031 619 1072 incongrue

314 1081 496 1122 patagiaria

268 1131 437 1163 Coelorum
464 1128 594 1167 diceris,

315 1188 390 1211 nam
414 1178 533 1222 pandis
560 1177 643 1209 ostia

269 1226 390 1259 Christi
413 1225 576 1268 fidelibuS,

316 1275 372 1316 qui
395 1274 552 1308 exercitia

270 1323 433 1356 Virtutum
456 1322 597 1355 induunt

318 1375 350 1404 et
374 1374 531 1412 spernunt
555 1371 645 1402 vitia.

330 1447 450 1484 Caput
469 1447 628 1474 tertium.

271 1512 321 1545 Tu
346 1513 394 1545 sol
420 1514 499 1545 dans
525 1512 652 1545 radium

316 1561 419 1594 mirae
445 1559 632 1602 fulgentiae,

269 1609 483 1642 Umbrantem
510 1609 663 1642 cordibus

317 1658 561 1700 intelligentiae,

268 1705 403 1750 Lumen,
430 1716 492 1748 quo
518 1706 653 1747 pellitur

318 1756 415 1788 chaos
437 1755 624 1796 inscititiae,

268 1804 401 1837 Peccati
425 1804 580 1837 tenebrae

319 1856 416 1893 atque
440 1852 605 1886 tristitiae.

269 1911 294 1944 Ο
320 1912 398 1944 luna
423 1910 591 1952 pulchrior

318 1960 441 1993 eunctis
464 1959 637 2001 sideribus,

269 2007 452 2048 splendore
475 2007 574 2040 rutilo

319 2057 407 2090 coelo
432 2056 638 2101 micantibus,

268 2104 412 2139 infunde
432 2106 566 2146 gratiae,

319 2162 427 2194 exoro,
453 2153 622 2196 imbribus,

272 2201 337 2235 Cor
360 2211 465 2235 meum
491 2202 653 2235 torridum

322 2250 488 2290 culparum
512 2250 666 2284 aestibus.

238 2335 245 2343 ,
272 2307 321 2339 Tu
346 2308 437 2341 sidus
464 2307 623 2350 fulgidum

321 2356 446 2397 pellens
473 2357 653 2399 caliginem,

968 123 1081 157 Hostis
1106 130 1170 161 qua
1195 119 1347 160 primitus

1017 169 1164 203 caecavit
1185 167 1360 206 hominem,

969 216 1229 253 Paradisieolam

1016 270 1115 309 atque
1143 264 1358 308 propaginem

967 314 1176 349 Persuadens
1199 313 1338 346 subdole

1016 364 1107 406 pomi
1134 362 1351 396 dulcedinem.

860 425 940 458 104.
970 423 995 458 O
1022 429 1146 456 astrum
1173 421 1330 453 coelicum

1017 469 1287 504 inconfuscabile.

966 520 1057 554 Dans
1080 520 1179 560 justis
1205 518 1360 560 gaudium

1015 567 1266 608 inaestimabile,

966 618 1070 651 Nobis
1097 616 1303 650 tranantibus

1016 676 1077 707 per
1101 674 1192 699 mare
1216 663 1338 706 flabile,

965 715 1077 749 Nauta
1099 715 1144 747 sis
1167 714 1326 747 revehens

1016 764 1059 797 ad
1084 763 1162 796 litus
1189 762 1318 795 stabile.

860 824 942 858 io5.
970 823 997 857 O
1022 822 1120 855 stella
1143 820 1350 863 praeferens,

1020 879 1137 903 serena
1161 868 1299 910 fulgida.

971 918 1075 953 Justis
1099 918 1290 952 natantibus

1020 977 1081 1009 per
1105 967 1220 1000 mundi
1244 966 1348 1000 fluida

975 1016 1083 1051 Corda
1109 1015 1258 1049 exhilara

1014 1065 1160 1106 peccatis
1186 1064 1321 1097 turbida

972 1117 1082 1155 Atque
1108 1113 1283 1146 virtutibus

1016 1161 1069 1195 fac
1096 1171 1167 1194 esse
1191 1160 1319 1195 florida.

859 1222 938 1256 106.
971 1220 1043 1254 Tua
1065 1221 1255 1262 praesentia

1016 1271 1101 1303 suda
1126 1270 1315 1310 temperies,

968 1317 1095 1351 Vernat
1118 1318 1277 1351 velocitas

1016 1367 1113 1400 orbes
1138 1367 1373 1409 septemplices

967 1415 1080 1448 Vincit,
1108 1419 1139 1447 et
1167 1415 1332 1459 callidum,

1014 1467 1137 1506 purgat
1160 1463 1339 1506 rubigines,

973 1513 1039 1546 Sed
1065 1514 1269 1546 luminositas

1020 1562 1223 1595 demonstrat
1246 1562 1405 1595 tramites.

863 1621 944 1655 107.
972 1620 1077 1654 Stella
1101 1619 1252 1662 rosifera,

1020 1669 1063 1702 da
1088 1669 1293 1702 stillicidium

971 1718 1128 1751 Coelestis
1155 1719 1290 1760 gratiae,

1016 1776 1077 1807 per
1103 1767 1190 1808 quod
1215 1767 1404 1801 incendium

969 1815 1117 1857 Spurcae
1139 1816 1288 1848 libidinis

1018 1864 1148 1897 vincam
1176 1867 1209 1897 et
1232 1865 1378 1898 taedium

967 1911 1104 1954 Mentis,
1129 1913 1323 1947 instantiam

1018 1962 1090 1994 irae
1117 1965 1148 1994 et
1174 1962 1295 1998 odium.

860 2020 943 2055 ios.
969 2020 1021 2053 Tu
1044 2021 1207 2053 matutina
1234 2030 1268 2054 es

1018 2069 1075 2102 lux
1102 2068 1307 2111 indeficienS,

970 2117 1041 2157 Qua
1071 2127 1170 2151 carne
1195 2120 1332 2152 coelitus

1019 2175 1214 2207 progressus
1241 2168 1360 2211 oriens,

970 2213 1024 2246 Ex
1051 2215 1141 2255 quus
1164 2214 1284 2256 J‘ubare

1020 2262 1115 2295 homo
1146 2266 1332 2298 caecutiens

970 2310 1147 2344 Lustratur
1172 2314 1292 2354 aquilo,

1020 2364 1131 2392 auster
1159 2365 1192 2394 et,
1216 2363 1381 2400 occidens,
