1656 2674
559 194 601 227 17.
634 196 843 230 Acrostichon
863 206 959 240 super
979 200 1045 233 Ave
1066 201 1178 234 Maria.

202 274 234 310 1.
262 271 346 316 Ave,
374 278 480 309 mater
505 277 643 319 gratiae,

310 323 422 357 Mater
448 325 594 366 pietatis,

262 369 333 407 Vas
359 373 618 416 misericordiae,

310 421 376 455 Vas
404 422 598 463 divinitatis,

261 466 352 505 Evae
378 471 505 512 prolem
531 472 670 512 respice,

310 520 399 553 Fons
424 520 647 562 benignitatis,

261 565 424 603 Mundans
450 578 509 602 nos
536 579 556 601 a
583 569 718 602 crimine

309 617 452 650 Nostrae
470 618 655 658 pravitatis

203 678 234 710 2.
261 673 346 716 Ave,
373 676 466 717 virgo
491 676 665 718 virginum,

313 725 435 757 Nescia
459 725 632 762 mixturae,

259 771 352 809 Rosa
375 772 529 816 flagrans,
557 774 693 806 rutilum

310 822 407 855 Sidus
433 823 521 855 vitae
546 831 659 863 purae,

261 868 444 912 lutei-pella
468 870 573 904 filium

310 921 400 953 Tuae
426 921 606 962 geniturae,

260 966 385 1004 Arceat
408 974 443 1001 ut
470 969 618 1001 nubilum

309 1018 420 1052 Omnis
443 1018 654 1059 imposturae.

200 1078 231 1111 3.
261 1074 396 1112 Gemma
421 1077 612 1118 pudicitiae,

308 1125 430 1158 Forma
456 1126 628 1169 castitatis,

259 1171 389 1216 Regula
410 1175 569 1215 justitiae,

307 1223 417 1256 Limes
444 1223 628 1264 aequitatis,

259 1269 343 1311 Ave,
370 1272 562 1305 individuae

307 1321 478 1362 Templum
505 1321 673 1362 trinitatis,

258 1367 379 1404 Carens
403 1370 594 1412 impetigine

307 1419 419 1452 Omnis
446 1417 626 1454 foeditatis

197 1477 229 1510 4.
258 1473 298 1511 In
327 1477 473 1509 conclavi
499 1478 636 1510 vernula

305 1525 392 1558 Dum
417 1529 451 1558 te
477 1526 642 1569 salutavit,

254 1571 345 1608 Arce
369 1574 486 1607 missus
511 1584 639 1619 supera,

304 1623 449 1657 Verbum
474 1623 659 1665 instillavit,

254 1667 419 1705 Puellaris
448 1672 567 1704 cellula

304 1719 397 1759 Quod
422 1723 497 1760 post
524 1721 694 1762 eructavit,

253 1765 334 1809 Legi
361 1769 469 1800 carnis
496 1768 592 1801 obvia

301 1818 389 1850 Dum
415 1818 463 1849 sic
488 1817 666 1859 generavit.

191 1877 222 1910 5.
250 1872 301 1910 Ex
328 1880 489 1916 conceptu
517 1876 622 1909 deitas

301 1924 403 1957 Verbi
427 1934 493 1958 non
517 1927 643 1958 mutata

250 1969 319 2007 Nec
344 1978 401 2007 tua
426 1974 599 2015 virginitas

297 2023 419 2056 Exstat
446 2021 615 2064 deflorata,

249 2069 317 2106 Ast
341 2072 434 2114 prior
459 2072 630 2113 integritas

296 2121 437 2163 Utrique
463 2125 604 2163 servata,

246 2168 332 2206 Dum
358 2170 420 2203 tibi
448 2170 604 2203 divinitas

294 2220 358 2253 Est
382 2222 629 2260 concorporata.

185 2281 216 2314 6.
247 2276 273 2314 Ο
301 2278 383 2311 felix
406 2287 582 2320 puerpera,

293 2328 395 2369 Quam
421 2328 469 2360 sic
495 2327 652 2370 visitavit,

242 2375 359 2413 Mundi
386 2378 442 2420 qui
468 2376 617 2410 facinora

291 2427 382 2461 Deus
407 2427 563 2469 expiavit,

226 2489 247 2513 D
256 2496 268 2512 r
275 2495 308 2513 ev
315 2495 327 2513 e
334 2495 346 2512 s
357 2506 362 2517 ,
379 2488 511 2512 Udalricus
527 2487 741 2512 Wessofontanus.

900 1680 957 1716 10.

897 2080 953 2115 11.

994 278 1035 315 In
1062 286 1096 315 te
1119 283 1208 316 vitae
1232 284 1346 317 limina

1043 330 1147 364 Nobis
1172 334 1342 374 reseravit,

993 375 1134 413 Nostrae
1160 382 1266 413 carnis
1291 381 1407 415 trabea

1044 427 1130 460 Dum
1156 438 1191 461 se
1217 430 1383 465 calceavit.

960 513 966 519 .
993 482 1081 520 Uere
1107 496 1178 519 cum
1203 488 1238 520 in
1259 488 1403 522 thalamo

1042 534 1132 568 Coeli
1157 538 1191 567 te
1215 536 1346 576 locavit,

993 579 1138 623 Sponsus
1166 584 1253 617 dulci
1278 585 1370 618 basio

1040 631 1086 664 Te
1114 631 1313 676 laetificavit,

992 676 1040 713 Te
1066 681 1198 721 quidem
1223 691 1243 714 a
1268 683 1397 715 saeculo

1038 728 1213 771 Languens
1240 729 1413 772 affectavit,

993 773 1040 811 Et
1064 777 1135 810 sine
1162 779 1302 811 divortio

1040 826 1111 860 Sibi
1139 827 1312 867 copulavit.

992 880 1188 918 Collaudant
1209 885 1277 925 jam
1303 885 1413 917 studia

1038 932 1085 965 Te
1110 936 1242 965 nostrae
1267 933 1412 975 sophiae,

989 977 1196 1015 Lenerantur
1222 991 1344 1023 organa

1038 1029 1152 1062 Dulciru
1179 1031 1401 1071 symphoniae,

989 1074 1089 1111 llare.
1118 1079 1225 1120 tellus,
1252 1078 1396 1121 aethera,

1039 1126 1203 1159 Coelestes
1230 1128 1329 1168 usiae,

988 1171 1195 1209 Benedicunt
1220 1175 1325 1208 omnia

1038 1223 1123 1265 Tibi,
1150 1224 1248 1256 matri
1273 1224 1357 1264 piae.

988 1278 1089 1323 Ergo,
1118 1282 1199 1314 coeli
1225 1282 1366 1314 Domina

1034 1330 1217 1371 Mundique
1242 1331 1385 1372 lucerna,

986 1375 1089 1413 Nobis
1115 1377 1166 1411 fer
1191 1379 1359 1420 praesidia

1035 1428 1086 1461 De
1112 1428 1190 1460 sede
1215 1436 1366 1470 superna,

986 1474 1030 1511 Et
1058 1476 1166 1509 cordis
1194 1476 1324 1509 elimina

1036 1525 1124 1558 Vitia
1148 1525 1287 1567 interna,

985 1571 1099 1615 Dirige
1124 1582 1185 1614 per
1212 1574 1308 1606 devia

1033 1623 1162 1655 Mentes
1189 1622 1232 1655 ad
1259 1625 1402 1654 aeterna.

984 1677 1025 1715 In
1051 1681 1112 1713 hoc
1136 1680 1258 1713 mundo
1281 1678 1439 1721 naufrago

1034 1729 1140 1762 Carne
1165 1727 1368 1772 fluctuamus,

985 1775 1096 1812 Carnis
1121 1778 1156 1809 in
1180 1775 1341 1818 profluvio

1032 1825 1097 1859 Sed
1123 1834 1164 1857 ne
1189 1834 1372 1866 pereamus,

983 1873 1031 1910 Te
1056 1877 1192 1915 precatu
1219 1883 1337 1906 cernuo

1030 1923 1159 1965 Jugiter
1181 1923 1348 1963 pulsamus

981 1970 1092 2014 Atque
1118 1972 1217 2005 corde
1243 1971 1357 2004 sedulo

1030 2022 1085 2054 Ad
1112 2025 1147 2053 te
1172 2021 1384 2061 suspiramus.

982 2078 1092 2115 Trahe
1115 2088 1175 2112 nos
1199 2088 1260 2120 per
1285 2079 1399 2123 maria⁷

1029 2129 1132 2162 Stella
1160 2128 1330 2168 claritatis,

979 2175 1075 2219 Ueni,
1103 2185 1179 2210 arce
1204 2176 1318 2209 nubila

1028 2226 1290 2266 Contrarietatis,

977 2273 1162 2311 Insolentes
1188 2277 1336 2315 tempera

1025 2325 1161 2358 Fluctus
1187 2323 1376 2365 voluptatis,

975 2371 1027 2411 Ne
1051 2374 1165 2407 mortis
1191 2382 1251 2414 per
1276 2372 1366 2406 invia

1026 2424 1144 2458 Currat
1170 2425 1283 2456 nostra
1305 2423 1397 2457 ratis.
