1656 2674
736 75 999 113 —1375

191 173 250 207 12.
278 169 396 214 Maria,
423 172 543 206 nobilis

324 221 485 263 pincerna
509 223 634 263 veniae,

278 269 369 310 Quae
393 273 499 303 mater
526 271 647 304 diceris

326 319 584 361 misericordiae,

277 366 347 400 Fac
368 377 428 400 nos
453 368 635 409 participes

329 416 521 457 praedict-ae
547 417 680 458 gloriae,

282 464 453 504 Completo
479 467 618 498 termino

328 513 426 553 hujus
452 513 616 546 miseriae.

196 571 252 604 13.
281 567 332 605 Ne
354 572 434 603 tunc
460 569 617 610 confusio,

327 628 424 660 quam
450 619 558 660 signat
580 619 741 661 Babylon,

282 667 352 701 Nos
378 677 438 701 sua
463 668 600 701 subruat

326 716 412 748 mole
435 716 487 750 vel
512 717 675 759 Acheron,

280 762 348 799 Seu
372 763 500 798 foetens
524 763 654 805 fluvius,

329 816 464 847 vocatus
490 813 680 855 Phlegeton,

282 861 469 895 Clementer
494 862 626 904 porrige

330 910 475 943 solamen
504 910 545 942 de
571 910 660 944 Sion.

200 968 259 1002 14.
286 965 311 1002 Ο
339 976 401 1001 vae
424 969 643 1001 miserrimum

327 1016 399 1049 illic
424 1017 629 1058 degentibus,

282 1064 330 1097 Et
354 1065 406 1106 ah,
435 1065 479 1097 ah
503 1065 622 1097 misere

329 1121 459 1154 semper
485 1112 679 1155 dicentibus,

279 1161 363 1202 Illis,
391 1163 429 1193 ut
452 1160 605 1202 arbitror,

330 1209 448 1242 fuisset
471 1210 598 1250 melius,

278 1257 353 1291 Non
380 1266 450 1290 esse
472 1258 598 1298 genitos

324 1307 359 1339 in
385 1308 526 1339 matrum
553 1305 730 1341 ventribus,

193 1366 249 1400 15.
277 1361 465 1408 Purgandis
483 1363 607 1406 ignium

330 1422 393 1455 per
419 1413 627 1455 cruciamina,

278 1462 441 1495 Succurre
468 1461 575 1501 citiuS,

329 1520 347 1544 o
375 1511 464 1543 mitis
487 1510 629 1550 domina,

281 1559 412 1592 Solutos
438 1558 593 1600 deinceps

327 1611 385 1640 tua
408 1608 599 1649 precamina

280 1656 415 1690 Ducant
438 1656 625 1697 benigniter

332 1705 375 1738 ad
403 1705 485 1738 coeli
512 1705 662 1737 culmina.

194 1764 251 1798 16.
279 1761 409 1803 Quaeso
434 1763 627 1805 suppliciter

330 1815 363 1845 te
388 1814 525 1845 matrem
552 1811 688 1853 gratiae,

279 1861 423 1894 Matrem
449 1860 616 1894 solaminis

330 1913 429 1950 atque
456 1910 657 1950 clementiae,

901 380 956 414 17.

901 777 958 811 18.

902 1172 959 1206 19.

901 1569 958 1603 20.

982 176 1035 209 De
1059 184 1133 208 mea
1156 177 1301 208 mortuos

1031 225 1111 266 juva
1135 224 1300 266 progenie,

985 273 1072 313 Quos
1097 271 1183 305 forte
1209 272 1354 305 continet

1033 322 1123 354 lacus
1148 320 1308 354 miseriae.

983 376 1169 413 Romanam
1193 379 1327 419 insuper

1032 429 1068 461 in
1092 429 1180 459 tuam
1206 428 1344 469 gratiam

983 475 1110 509 Devoto
1137 476 1243 508 animo

1036 525 1224 557 commendo
1251 525 1373 557 curiam

984 572 1030 605 Et
1053 572 1103 605 illi
1129 572 1293 605 subditam

1032 621 1163 661 plebem
1189 620 1381 653 catholicam

986 669 1057 701 Nec
1081 678 1146 702 non
1172 672 1203 701 et
1229 670 1373 710 regulam

1035 717 1300 751 ecclesiasticam.

983 772 1150 810 Summum
1174 774 1362 816 pontificem

1037 833 1109 856 cum
1136 824 1367 867 cardinalibus,

987 872 1105 906 Omnes
1132 873 1301 913 episcopos

1037 930 1108 953 cum
1134 921 1200 953 suis
1224 920 1388 961 plebibuS,

987 969 1118 1003 Clerum
1143 978 1216 1001 cum
1239 968 1405 1001 monachis

1035 1020 1133 1058 atque
1156 1017 1340 1057 abbatibus,

985 1065 1032 1097 Et
1057 1074 1166 1098 omnes
1194 1065 1326 1098 ordines

1036 1122 1108 1146 cum
1132 1114 1199 1145 suis
1221 1111 1389 1146 fratribus,

984 1169 1146 1205 Terrenos
1172 1171 1349 1212 principes,

1035 1220 1090 1260 qui
1113 1219 1324 1251 laudabiliter

985 1267 1149 1300 Praesunt
1169 1268 1237 1307 jam
1262 1266 1403 1300 subditis

1033 1316 1096 1349 tibi
1122 1315 1315 1356 suppliciter

987 1364 1195 1404 Commendo,
1223 1366 1380 1404 quatenus

1037 1413 1087 1445 his
1112 1411 1338 1446 maternaliter

987 1461 1118 1503 Adstes,
1145 1463 1181 1492 ut
1209 1463 1337 1493 exteros

1038 1512 1224 1550 expugnent
1252 1507 1392 1542 fortiter.

986 1563 1110 1601 Verum
1135 1567 1310 1600 intermino

1035 1616 1132 1657 hujus
1160 1616 1345 1648 dictaminis

987 1664 1064 1698 Tibi
1089 1664 1226 1705 subjicio
1251 1673 1314 1705 me,

1037 1709 1143 1760 mater
1168 1712 1310 1754 luminis,

987 1762 1073 1794 Mihi
1096 1761 1271 1794 subvenias

1038 1811 1072 1843 vi
1099 1810 1337 1850 deprecaminis

988 1859 1051 1891 Tui
1075 1862 1108 1891 et
1133 1858 1281 1891 omnibus

1038 1908 1101 1940 mei
1128 1907 1312 1948 geniminis.

272 1976 355 2005 Orat.
377 1985 431 2005 ms,
451 1977 637 2012 Tegurinum
658 1984 725 2004 saec
761 1973 798 2004 15
814 1975 887 2004 Clm.
902 1976 1020 2004 Monac.
1038 1972 1142 2003 19824.
1163 1974 1213 2001 fel.
1237 1971 1275 2002 58
1300 1982 1326 2002 a.
1347 1972 1383 2002 A.
1405 1989 1442 1993 --
1464 1974 1546 2003 Orat.

192 2026 250 2045 ms.
269 2016 455 2053 'Peg-minum
475 2023 555 2045 saec.
576 2014 622 2044 15.
644 2015 720 2043 Glm.
741 2015 915 2044 Monacens.
936 2012 974 2043 20
982 2011 1039 2043 001
1060 2014 1113 2042 fol.
1134 2010 1190 2041 134
1210 2022 1238 2041 a.
1260 2014 1294 2041 B.

501 2099 864 2145 Abecedariorum
900 2100 1039 2144 series
1078 2097 1234 2143 altera.

708 2187 752 2220 41.
773 2186 991 2220 Abecedarius
1010 2186 1033 2219 1.

193 2254 226 2289 1.
252 2250 328 2288 Ave
352 2252 552 2287 venerabilis

304 2302 396 2336 Coeli
421 2302 508 2345 regis
532 2301 617 2341 aula,

253 2352 411 2385 Attamen
435 2351 470 2384 in
497 2351 599 2383 oculis

301 2401 382 2434 Tuis
408 2409 538 2442 semper
563 2399 671 2444 paula,

986 2249 1094 2292 Junge
1116 2258 1169 2282 me
1196 2249 1398 2283 Christicolis

1040 2299 1169 2333 Coelica
1194 2299 1228 2332 in
1255 2299 1358 2338 caula,

985 2348 1033 2382 Te
1057 2348 1246 2381 laudantem
1271 2348 1376 2381 titulis

1035 2397 1187 2431 Laudum
1211 2398 1275 2431 hac
1299 2397 1473 2440 hydraula.
