1656 2674
701 106 963 143 —113—

162 205 221 239 20.
248 201 373 239 Verum
400 214 472 239 cum
498 206 639 247 rediens,

298 263 316 286 o
341 254 423 296 legis
449 256 587 298 aemula,

245 302 344 335 Hunc
370 304 465 336 desse
490 312 640 336 cerneres

295 354 329 383 te
353 354 479 385 moesta
503 352 629 392 spicula

947 204 1129 238 Laeserunt
1153 204 1282 245 gravius

1000 254 1034 286 in
1058 254 1123 286 ista
1148 253 1272 294 horula,

947 303 1060 335 Donec
1084 301 1246 335 reinvenis

998 350 1182 392 quaerendo
1208 349 1333 382 sedula.

245 417 327 447 Orat.
347 428 402 447 ms.
419 419 604 455 Tegurinum
624 426 701 447 saec.
725 416 769 446 15.
786 417 859 447 Clm.
873 418 991 446 Monac.
1012 416 1048 446 19
1056 415 1114 446 824
1135 416 1186 444 fol.
1207 414 1246 444 42
1265 425 1291 444 a.
1306 416 1341 444 A.
1365 431 1404 436 --
1424 415 1506 443 Orat.

160 465 215 485 ms.
230 457 414 495 Tegurinum
435 465 512 485 saec.
538 456 583 486 15.
600 457 672 486 Clm.
688 457 805 485 Monac.
829 454 929 486 20001
952 457 1002 485 fol.
1027 455 1062 485 99
1084 457 1111 485 b.
1135 456 1169 483 B.
1188 471 1226 475 —
1243 453 1288 491 20,
1310 452 1328 483 2
1348 455 1398 483 bei
1421 454 1507 483 desse

162 504 210 524 am
231 496 337 525 Rande
359 505 430 534 „per
451 498 605 533 syneresin
626 504 679 533 pro
702 494 823 524 (leesse“
847 496 882 524 A.

650 609 698 641 28.
739 607 951 641 abecedarius
971 608 1024 640 111.

188 691 220 727 1.
248 688 383 725 Annum
410 699 481 723 cum
507 692 617 733 attigit

296 743 391 772 natus
421 740 630 782 tricesimum,

248 788 433 830 Baptistam
460 788 543 821 adiit

295 837 461 870 lavantem
485 837 651 877 populum,

249 885 455 927 Baptismum
480 885 600 926 accipit

304 934 435 968 lavator
460 934 629 976 scelerum,

248 982 314 1015 Per
339 991 439 1023 aquas
466 980 635 1015 conferens

297 1031 391 1063 nobis
414 1030 603 1066 remedium,

189 1090 221 1123 2.
249 1084 403 1129 Baptista
427 1089 560 1120 tremuit

298 1146 359 1169 nec
384 1136 484 1169 audet
506 1139 640 1177 tangere

249 1185 393 1218 Messiae
417 1185 573 1217 verticem

297 1234 356 1266 sed
382 1234 502 1266 clamat
525 1233 661 1265 misere:

249 1281 412 1323 Baptismi
437 1281 576 1322 gratiam

300 1340 320 1363 a
344 1333 378 1363 te
402 1329 551 1370 recipere

248 1378 417 1412 Mundano
445 1378 547 1411 debeo

297 1426 447 1460 foedatus
475 1427 619 1467 pulvere.

189 1486 222 1520 3.
250 1482 399 1520 Creatrix
423 1484 553 1517 trinitas

297 1536 375 1567 tunc
401 1533 584 1566 evidentius

248 1582 287 1615 In
312 1582 378 1615 suis
405 1581 524 1614 claruit

296 1630 563 1672 proprietatibus,

247 1679 287 1712 In
311 1688 392 1712 voce
417 1678 552 1719 genitor,

296 1728 331 1760 in
359 1735 455 1761 carne
479 1726 576 1768 filius,

249 1776 387 1809 Sanctus
412 1777 446 1809 in
472 1776 583 1816 specie

300 1825 467 1858 columbae
492 1824 637 1865 spiritus.

186 1884 221 1919 4.
247 1880 376 1918 Deinde
401 1882 536 1925 spiritus

295 1932 391 1973 hujus
418 1932 588 1964 ducamine

247 1981 347 2014 Venit
369 1981 403 2014 in
430 1989 582 2021 eremum,

295 2039 419 2063 summo
446 2029 613 2063 conamine

246 2078 360 2111 Hostis
387 2078 577 2120 aggreditur

294 2128 381 2161 hunc
406 2130 439 2160 et
463 2127 683 2170 temptamine,

247 2176 313 2210 Sed
339 2185 433 2210 sacro
458 2176 603 2209 vincitur

293 2226 477 2268 scripturae
502 2225 634 2259 lumine.

184 2286 215 2320 5.
243 2280 326 2326 Ejus
353 2284 470 2328 jejunii

293 2343 366 2367 cum
390 2334 657 2376 quadragesimus

242 2383 380 2419 Diei-um
403 2383 547 2426 pleniter

292 2433 432 2470 instaret
454 2441 618 2474 numeruS,

214 2494 235 2518 D
241 2501 254 2518 ι·
260 2500 273 2518 e
278 2501 294 2517 v
301 2501 312 2518 e
318 2502 330 2519 s
337 2511 343 2522 ‚
359 2494 489 2519 udalricus
503 2493 715 2518 Wessofontanus.

949 690 1047 723 Panis
1073 689 1196 728 esuriit,

997 739 1068 770 sitit
1092 736 1164 770 fons
1192 737 1311 779 deicae,

949 796 1009 827 per
1034 795 1128 828 quem
1155 785 1302 818 reficitur

999 835 1087 868 orbis
1115 834 1304 868 catholicus,

915 920 922 926 .
949 890 1102 927 Formam
1129 891 1334 924 credentibus

999 942 1056 975 dat
1079 940 1309 981 poenitentiae,

949 988 1133 1022 Perfectam
1159 989 1303 1030 regulam

997 1037 1212 1078 obedientiae,

950 1085 1020 1118 Nec
1045 1095 1110 1118 non
1136 1085 1304 1117 consilium

1000 1135 1057 1167 dat
1082 1133 1309 1174 continentiae,

949 1182 997 1215 Ob
1023 1190 1115 1223 spem
1141 1184 1174 1213 et
1197 1182 1348 1214 meritum

997 1233 1148 1263 aeternae
1173 1230 1305 1270 gloriae.

914 1313 921 1321 .
951 1285 1114 1329 Gignendi
1140 1287 1267 1320 soboles

997 1346 1089 1369 sacra
1117 1336 1277 1368 connubia

946 1385 1158 1426 Nequaquam
1183 1384 1320 1417 abstulit

994 1434 1056 1466 hac
1082 1433 1280 1474 castimonia,

946 1483 1048 1516 Immo
1073 1482 1154 1514 haec
1179 1481 1343 1522 approbat

996 1540 1053 1564 sua
1077 1530 1274 1571 praesentia,

945 1579 1007 1612 Ex·
1023 1588 1107 1620 aqua
1133 1577 1255 1611 faciens

994 1628 1071 1661 vina
1095 1628 1215 1661 suavia.

911 1712 918 1720 .
946 1683 1033 1720 Hinc
1057 1686 1120 1719 sibi
1147 1686 1278 1726 copulat

994 1735 1113 1768 multos
1138 1734 1324 1777 discipulos,

947 1783 1110 1823 Quosdam
1134 1792 1215 1824 prae
1241 1783 1357 1816 ceteris

996 1835 1092 1865 vocat
1116 1832 1292 1874 apostolos,

947 1881 1011 1914 Per
1036 1889 1115 1922 quos
1142 1883 1174 1912 et
1200 1883 1357 1914 convocat

994 1930 1034 1963 ad
1061 1928 1160 1963 fidem
1185 1931 1334 1970 populos,

947 1978 1112 2020 Linquens
1137 1978 1170 2010 in
1196 1979 1347 2012 sordibus

997 2028 1106 2060 verbis
1131 2027 1328 2062 incredulos.

914 2114 920 2120 .
946 2083 971 2121 J
973 2086 1141 2127 ohannem,
1168 2086 1336 2127 Jacobum‚

994 2136 1128 2168 Petrum
1154 2137 1187 2167 et
1210 2135 1400 2178 Didymum,

946 2184 1304 2227 Bartholomaeumque‚

995 2234 1196 2275 Philippum,
1223 2234 1392 2276 Jacobum,

949 2282 1069 2316 Judam
1092 2285 1124 2316 et
1149 2282 1322 2325 Simonem,

999 2332 1235 2374 Teleonarium‚

945 2382 1117 2415 Andream
1143 2385 1298 2415 convocat

996 2434 1029 2464 et
1053 2430 1172 2465 Judam
1197 2431 1378 2467 subdolum.

1307 2489 1326 2520 8
