1656 2674
183 191 217 225 4.
243 186 308 224 Dei
334 191 485 224 altissimi

291 242 397 273 mater
422 240 550 284 eximia,

245 288 326 322 Cum
351 289 424 330 ipso
448 290 612 330 perpetim

292 346 432 379 regnans
457 338 494 370 in
518 339 632 382 gloria,

241 386 298 419 Ad
323 389 357 418 te
381 387 588 420 clamantium

292 435 372 468 audi
397 435 548 476 suspiria,

240 483 434 516 Pressorum
458 484 603 525 graviter

289 541 350 573 per
375 532 594 567 adversantia.

181 611 215 644 5.
239 605 395 643 Extende
421 610 598 651 dexteram,

290 661 400 690 everte
426 658 571 699 crimina,

241 705 393 740 Infirmos
418 707 538 750 releva,

289 755 379 788 solve
404 755 560 798 pericula,

240 805 397 837 Annonas
422 803 539 844 tribue,

287 852 376 893 pelle
400 853 560 893 nocentia,

239 901 390 934 Emenda
417 901 566 941 dyscolos

286 949 420 982 firmans
445 949 479 981 in
505 949 621 991 gratia.

179 1027 210 1061 6.
238 1023 388 1060 Fraudes
414 1027 575 1059 satanicas

290 1075 331 1107 da
356 1074 449 1107 nobis
477 1075 617 1118 vincere,

239 1123 335 1157 Orbis
362 1123 496 1156 delicias

287 1180 395 1203 cassas
421 1169 475 1203 fac
498 1180 664 1212 spernere.

236 1220 342 1261 Regni
367 1220 517 1260 perpetui

285 1268 328 1301 da
354 1268 529 1300 claustrum
557 1277 691 1301 cernere

234 1317 360 1357 Deique
386 1315 503 1349 faciem

284 1374 413 1406 semper
438 1365 637 1406 conspicere.

174 1443 206 1476 7.
235 1439 361 1477 Gnaros
385 1452 444 1475 nos
469 1443 603 1483 insuper

281 1489 333 1523 fac
358 1499 419 1532 per
443 1491 651 1531 prudentiam

233 1539 354 1580 culpas
381 1540 522 1572 evellere

266 1597 327 1629 per
352 1588 595 1629 poenitentiam,

228 1636 275 1670 Et
298 1637 395 1677 plene
422 1637 572 1677 consequi

277 1694 339 1726 per
361 1685 425 1718 Dei
450 1685 588 1726 gratiam

230 1734 433 1767 Thesaurum
459 1734 627 1775 optimum,

278 1782 387 1815 cordis
412 1782 616 1816 munditiam.

172 1857 203 1891 8.
232 1852 305 1890 Hac
329 1853 394 1888 frui
422 1855 516 1896 cupio

278 1913 360 1945 prae
387 1904 510 1936 cunctis
536 1903 652 1944 opibus

229 1954 269 1987 In
293 1952 414 1985 mundo
439 1953 557 1985 misero

276 2002 339 2034 hoc
363 2001 586 2040 existentibus,

228 2051 318 2092 Quae
343 2050 409 2082 suis
435 2050 552 2082 tribuit

276 2099 312 2132 id
337 2098 591 2141 possessoribus,

228 2148 381 2183 Gaudere
405 2148 568 2189 perpetim

273 2198 308 2230 in
331 2197 413 2229 coeli
438 2195 582 2231 fioribus.

163 2273 196 2306 9.
223 2268 295 2312 Ipsi
319 2270 522 2312 promittitur

270 2329 347 2353 nam
371 2318 434 2353 Dei
460 2320 552 2364 visio,

222 2369 270 2403 Ut
294 2369 342 2402 ait
365 2370 488 2403 veritas

270 2418 305 2452 in
332 2419 509 2461 evangelio,

706 95 972 131 —123—

860 419 915 452 10.

858 835 912 868 11.

851 1249 908 1283 12.

848 1662 903 1696 13.

846 2075 902 2111 14.

945 194 1163 228 Beatitudinis

993 244 1028 276 in
1053 252 1117 284 qua
1140 242 1299 284 perfectio

948 292 1092 331 Constat,
1120 291 1205 324 hanc
1228 292 1328 333 igitur

996 349 1035 373 ex
1061 340 1160 373 corde
1185 341 1289 381 cupio.

944 415 1080 452 Karitas
1107 418 1225 451 etenim

992 469 1089 507 atque
1112 466 1274 499 munditia

945 514 1060 548 Cordis
1087 515 1282 547 conveniunt

991 563 1026 595 in
1050 563 1295 607 praeminentia,

942 611 1027 644 Nam
1053 613 1139 653 quod
1164 612 1369 654 promittitur

989 661 1045 692 uni
1070 669 1110 692 ex
1135 661 1249 702 gratia.

942 708 1048 741 Datur
1073 711 1105 741 et
1130 709 1225 742 alteri

989 757 1023 789 in
1050 757 1130 789 coeli
1156 758 1271 799 gloria.

937 831 1120 868 Laudemus
1145 834 1246 875 igitur

987 883 1126 924 primum
1151 882 1347 923 principium

939 931 1136 965 Promittens
1161 931 1296 972 largiter

986 984 1151 1012 aeternum
1176 980 1366 1021 praemium,

937 1028 1040 1069 Quod,
1066 1032 1170 1060 mater
1193 1029 1317 1069 inclita,

985 1079 1074 1109 tuum
1099 1085 1159 1116 per
1183 1077 1333 1109 meritum

938 1124 1004 1157 Det
1028 1124 1120 1157 nobis
1147 1123 1277 1157 famulis

985 1173 1049 1205 tuis
1075 1173 1108 1205 in
1132 1174 1283 1214 pretium.

935 1246 1051 1289 Maria,
1079 1249 1169 1291 regia

986 1298 1027 1331 de
1052 1298 1155 1339 stirpe
1179 1299 1298 1340 genita,

934 1346 1055 1379 Divina
1080 1346 1192 1379 sobole

984 1395 1102 1428 deinde
1126 1396 1288 1439 praedita,

932 1445 1024 1476 Aure
1048 1444 1210 1485 percipias

980 1492 1062 1524 haec
1086 1493 1305 1535 melodimata,

932 1540 1020 1581 Quae
1044 1541 1105 1573 tibi
1130 1542 1274 1574 canimus

979 1599 1039 1630 pro
1064 1590 1161 1622 laude
1189 1590 1310 1625 debita.

932 1659 1053 1697 Nemus
1079 1662 1265 1695 vernalibus

977 1711 1084 1743 nitens
1110 1719 1144 1743 es
1168 1709 1314 1753 floribus,

932 1759 1028 1792 Rosis
1054 1768 1093 1791 ac
1118 1759 1196 1792 liliis

981 1811 1013 1840 et
1036 1807 1088 1840 his
1112 1807 1282 1851 similibus,

929 1855 1161 1897 Spiritualibus

978 1905 1100 1946 quippe
1124 1906 1310 1948 virtutibus,

930 1953 1057 1987 Candes
1079 1963 1160 1995 prae
1185 1955 1334 1988 omnibus

979 2002 1101 2036 Christi
1123 2002 1285 2036 fidelibus.

932 2071 957 2109 Ο
985 2076 1076 2117 virgo
1101 2076 1231 2118 nobilis,

980 2133 998 2157 o
1023 2125 1122 2165 plena
1147 2126 1262 2167 gratia,

930 2173 1108 2206 Laetanter
1134 2175 1255 2208 coelica

977 2225 1090 2255 tenens
1115 2223 1249 2265 palatia,

930 2272 1082 2305 Materna
1106 2273 1234 2305 miseris

974 2324 1108 2361 praesta
1134 2322 1261 2367 solatia,

926 2369 979 2402 Ab
1007 2370 1094 2402 omni
1119 2371 1261 2405 hostium

975 2422 1085 2452 tutans
1110 2418 1243 2453 fallacia
