1656 2674
160 127 203 160 63

159 474 204 506 64

159 823 214 855 65.

158 1165 215 1198 66.

161 1509 216 1542 67.

164 1853 220 1888 68.

166 2196 221 2229 69.

208 151 215 158 .
249 123 348 160 Caros
373 128 501 157 nostros
529 126 560 154 ct.
583 126 736 163 parentes

299 173 378 206 Cum
404 170 678 206 benefactoribus,

244 223 344 256 Vivos
366 221 435 253 sive
457 220 526 260 jam
553 219 706 260 degentes

296 271 332 302 In
359 274 467 302 terrae
492 266 692 308 pulveribus,

244 319 427 352 Exoranms
452 319 487 348 te
512 318 686 357 gementes,

281 365 494 400 Consolentur
520 364 614 396 citius

342 414 413 446 Tua
436 412 606 446 beneficia.

210 499 216 505 .
247 470 376 507 Tristes
400 474 508 504 mente
532 470 744 502 subleventur

293 520 362 553 Tuo
388 518 581 560 patrocinio,

240 568 285 601 Et
312 569 494 609 quicunque
520 568 706 600 detinentur

290 617 410 658 Aliquo
437 615 610 656 supplicio.

242 666 313 698 Nee
325 674 388 698 11011
404 673 524 705 omnes,
541 664 594 704 qui
608 667 801 705 torquentur

293 714 356 747 Pro
382 721 573 754 quocunque
597 712 677 746 vitio

342 762 451 803 Stygis
480 770 541 802 per
565 761 727 794 incendia.

243 817 362 855 [entes
389 828 464 861 ergo
490 819 712 860 Phlegetontis

291 869 370 902 Tuis
396 867 511 908 frange
536 868 660 901 viribus

241 918 288 950 Et
310 917 443 950 absolve
468 916 526 949 hos
552 926 572 948 a
592 917 693 949 tantis

290 965 408 999 Poenis
435 968 466 997 et
490 967 557 997 tani
583 965 747 1006 gravibus,

241 1014 483 1055 Absolutosque
510 1014 550 1046 de
576 1012 676 1046 fontis

294 1061 481 1096 Gratiarum
506 1061 665 1094 imbribus

341 1111 556 1143 Abundanter
585 1111 678 1143 satia.

244 1160 299 1198 Sic
323 1164 381 1197 hos
408 1173 482 1206 ergo
508 1164 663 1197 liberatos

292 1214 324 1245 A
350 1221 528 1253 poenarum
551 1213 689 1245 vinculis

242 1261 351 1302 Atque
375 1261 470 1302 plene
498 1264 693 1303 expurgatos

295 1309 368 1342 Suis
394 1318 413 1341 a
438 1309 575 1350 piaculis

243 1358 290 1390 Et
312 1358 447 1390 honeste
471 1362 664 1398 perornatos

293 1406 483 1439 Meritorum
510 1407 614 1439 titulis

340 1455 470 1487 Perduc
495 1456 537 1488 ad
564 1456 725 1489 coelestia.

245 1505 461 1550 Famulatum,
486 1517 504 1541 ο
529 1509 649 1549 Maria,

293 1557 434 1597 Respice
459 1557 659 1595 clementius,

248 1606 427 1638 Promimus
450 1607 486 1639 in
511 1606 689 1647 hymnodia

294 1654 372 1697 Ista,
400 1663 491 1695 quem
519 1656 686 1698 attentius,

246 1701 423 1735 Offerentes
449 1703 520 1744 tibi,
547 1703 612 1745 pia,

297 1750 410 1784 Verbis
438 1756 470 1784 et:
494 1752 646 1793 operibus

343 1800 505 1833 Montium
532 1802 695 1836 encaenia.

245 1849 445 1887 Reverenda
468 1863 544 1887 nam
570 1863 603 1886 es
630 1859 718 1888 certe

297 1901 462 1935 Creaturis
488 1902 646 1943 omnibus,

247 1950 355 1992 Magis
380 1952 487 1984 tamen
513 1955 544 1983 et
571 1951 692 1984 diserte

297 1998 424 2032 Christo
449 1999 713 2040 adhaerentibus,

248 2050 388 2086 Quorum
423 2049 510 2081 salus
535 2051 659 2082 constat
685 2059 745 2090 per
770 2054 804 2084 te

297 2095 448 2129 Dimissis
475 2098 664 2130 criminibus

348 2145 450 2178 Plena
473 2146 687 2186 indulgentia.

249 2192 334 2230 ‘fitis
360 2206 400 2230 ex
424 2201 458 2230 te
481 2199 675 2239 germinavit

297 2245 475 2286 supremae
501 2246 711 2289 fragrantiae,

249 2292 335 2332 Quae
359 2295 469 2327 visura
494 2295 699 2329 obumbravit

300 2341 404 2375 Filios
432 2344 589 2377 ecclesiae

946 122 997 152 Ac
1025 120 1159 152 devotos
1184 118 1273 150 laute
1298 117 1390 158 pavit

995 169 1047 201 De
1071 167 1145 200 vino
1171 166 1319 201 laetitiae

1043 216 1089 248 Et
1115 215 1148 247 in
1172 214 1384 248 abundantia.

863 281 919 314 70.
948 277 1045 320 Cujus
1071 278 1148 312 vitis
1174 277 1288 311 botrus
1316 278 1432 317 crucis,

995 328 1092 362 Prelo
1121 336 1192 359 cum
1220 326 1414 367 exprimitur

945 377 1016 409 Tua
1040 385 1141 416 menS,
1170 384 1188 409 0
1214 378 1321 409 mater
1345 375 1438 410 lueis,

996 425 1115 459 Gladio
1143 423 1331 458 confoditur

945 474 1157 514 Mundusque
1181 473 1222 505 ab
1245 474 1350 506 hostis
1374 473 1477 505 trucis

998 522 1142 555 Vinculis
1170 522 1308 562 eripitur

1042 571 1088 604 Et
1114 572 1182 612 ejus
1207 571 1362 603 versutia.

946 632 1037 669 Tuus
1062 637 1167 667 mater
1192 634 1415 674 praedilectus

994 683 1050 716 Sic
1075 682 1318 724 miserabiliter,

944 732 1097 765 Pendens
1130 732 1235 764 tristis
1263 740 1302 763 ac
1329 732 1500 773 despectus

992 782 1024 814 A
1048 780 1184 814 Judaeis
1210 781 1332 820 viliter,

943 829 1026 870 EJus
1053 827 1160 863 adfuit
1187 828 1320 861 affectus

995 878 1071 911 Tibi
1097 876 1243 911 filialiter

1043 928 1082 960 In
1108 935 1264 967 pressura
1286 926 1396 961 nimia.

909 1015 916 1021 .
945 986 1020 1030 sni,
1049 991 1104 1031 qui
1130 990 1331 1032 evangelista

993 1039 1133 1072 Exstitit
1156 1040 1365 1080 praecipuus,

945 1086 1054 1128 Jubet,
1081 1090 1119 1120 ut
1142 1088 1177 1120 111
1202 1088 1272 1120 vita
1295 1088 1360 1120 ista

995 1136 1085 1169 Tuus
1112 1137 1155 1168 sit
1180 1137 1330 1170 assiduus

946 1183 1077 1225 Servus,
1104 1193 1211 1218 comes
1240 1188 1272 1218 et
1297 1185 1461 1227 hymnista

993 1234 1045 1266 Ao
1069 1235 1220 1274 provisor
1247 1242 1383 1267 cernuus

1043 1282 1116 1315 Tua
1138 1284 1357 1316 neccessaria.

860 1346 915 1380 73.
944 1341 1122 1386 Sepultura
1149 1354 1221 1378 cum
1247 1347 1408 1387 completa

991 1395 1092 1427 Esset
1116 1394 1204 1427 sacri
1228 1393 1364 1438 funeris,

931 1442 1026 1476 Tunc
1051 1443 1233 1476 Johannem
1257 1444 1405 1477 insecuta

992 1492 1196 1525 Reverenter
1217 1494 1367 1533 sumeris,

945 1540 992 1574 Et
1016 1541 1139 1574 honore
1164 1542 1279 1574 matris
1306 1540 1392 1574 freta

993 1590 1046 1622 Ab
1073 1589 1188 1622 eodem
1213 1591 1359 1630 pasceris

1044 1637 1159 1671 Carnis
1185 1639 1348 1674 alimonia.

862 1701 918 1735 74.
945 1698 1015 1735 Vbi
1041 1711 1118 1735 vero
1145 1703 1313 1736 mundiale

995 1751 1176 1792 Complesti
1201 1752 1365 1794 exsilium,

948 1798 1137 1833 Glorianter
1163 1801 1331 1833 aeternale

995 1848 1186 1882 Ascendisti
1211 1850 1339 1890 solium,

944 1897 1038 1939 Inde,
1064 1897 1163 1930 decus
1188 1898 1360 1940 virginale,

998 1946 1103 1979 Tuum
1129 1956 1189 1987 per
1214 1947 1371 1980 auxilium

1047 1995 1152 2028 Nobis
1179 1995 1230 2029 fer
1254 1996 1384 2031 solatia.

864 2060 920 2091 75.
947 2054 1049 2099 Euge,
1076 2060 1169 2100 virgo
1196 2061 1396 2101 veneranda,

999 2106 1079 2140 Cum
1105 2109 1247 2142 aeternis
1271 2109 1386 2151 J'ubilis

949 2156 988 2188 In
1012 2159 1181 2189 aeternum
1210 2158 1429 2192 collaudanda

998 2204 1028 2236 A
1054 2203 1162 2237 beatis
1186 2207 1321 2250 angelis,

947 2252 979 2283 A
1003 2251 1099 2284 nobis
1124 2256 1387 2294 praeconisamda

998 2299 1135 2341 Semper
1159 2304 1224 2335 tuis
1249 2302 1381 2338 famulis

1047 2348 1199 2383 Laudum
1224 2353 1423 2389 resonantia.

861 635 918 671 71.
