<?xml version="1.0" encoding="UTF-8"?>
<!DOCTYPE html PUBLIC "-//W3C//DTD XHTML 1.0 Transitional//EN"
    "http://www.w3.org/TR/xhtml1/DTD/xhtml1-transitional.dtd">
<html xmlns="http://www.w3.org/1999/xhtml" xml:lang="en" lang="en">
 <head>
  <title>
</title>
<meta http-equiv="Content-Type" content="text/html;charset=utf-8" />
  <meta name='ocr-system' content='tesseract 3.04.00' />
  <meta name='ocr-capabilities' content='ocr_page ocr_carea ocr_par ocr_line ocrx_word'/>
</head>
<body>
  <div class='ocr_page' id='page_1' title='image "./analectahymnica06drevuoft_00061.png"; bbox 0 0 1656 2674; ppageno 0'>
   <div class='ocr_carea' id='block_1_1' title="bbox 137 158 196 191">
    <p class='ocr_par' dir='ltr' id='par_1_1' title="bbox 137 158 196 191">
     <span class='ocr_line' id='line_1_1' title="bbox 137 158 196 191; baseline -0.017 0"><span class='ocrx_word' id='word_1_1' title='bbox 137 158 196 191; x_wconf 85' lang='lat'>35.</span> 
     </span>
    </p>
   </div>
   <div class='ocr_carea' id='block_1_2' title="bbox 142 428 199 461">
    <p class='ocr_par' dir='ltr' id='par_1_2' title="bbox 142 428 199 461">
     <span class='ocr_line' id='line_1_2' title="bbox 142 428 199 461; baseline -0.035 0"><span class='ocrx_word' id='word_1_2' title='bbox 142 428 199 461; x_wconf 77' lang='lat'>36.</span> 
     </span>
    </p>
   </div>
   <div class='ocr_carea' id='block_1_3' title="bbox 142 697 198 731">
    <p class='ocr_par' dir='ltr' id='par_1_3' title="bbox 142 697 198 731">
     <span class='ocr_line' id='line_1_3' title="bbox 142 697 198 731; baseline -0.036 0"><span class='ocrx_word' id='word_1_3' title='bbox 142 697 198 731; x_wconf 83' lang='lat'>37.</span> 
     </span>
    </p>
   </div>
   <div class='ocr_carea' id='block_1_4' title="bbox 144 1063 200 1096">
    <p class='ocr_par' dir='ltr' id='par_1_4' title="bbox 144 1063 200 1096">
     <span class='ocr_line' id='line_1_4' title="bbox 144 1063 200 1096; baseline -0.054 1"><span class='ocrx_word' id='word_1_4' title='bbox 144 1063 200 1096; x_wconf 78' lang='lat'>38.</span> 
     </span>
    </p>
   </div>
   <div class='ocr_carea' id='block_1_5' title="bbox 145 1430 202 1462">
    <p class='ocr_par' dir='ltr' id='par_1_5' title="bbox 145 1430 202 1462">
     <span class='ocr_line' id='line_1_5' title="bbox 145 1430 202 1462; baseline -0.07 0"><span class='ocrx_word' id='word_1_5' title='bbox 145 1430 202 1462; x_wconf 64' lang='lat'>39.</span> 
     </span>
    </p>
   </div>
   <div class='ocr_carea' id='block_1_6' title="bbox 150 1690 208 1724">
    <p class='ocr_par' dir='ltr' id='par_1_6' title="bbox 150 1690 208 1724">
     <span class='ocr_line' id='line_1_6' title="bbox 150 1690 208 1724; baseline 0 -1"><span class='ocrx_word' id='word_1_6' title='bbox 150 1690 208 1724; x_wconf 76' lang='lat'>40.</span> 
     </span>
    </p>
   </div>
   <div class='ocr_carea' id='block_1_7' title="bbox 146 1952 204 1987">
    <p class='ocr_par' dir='ltr' id='par_1_7' title="bbox 146 1952 204 1987">
     <span class='ocr_line' id='line_1_7' title="bbox 146 1952 204 1987; baseline -0.017 0"><span class='ocrx_word' id='word_1_7' title='bbox 146 1952 204 1987; x_wconf 84' lang='lat'>41.</span> 
     </span>
    </p>
   </div>
   <div class='ocr_carea' id='block_1_8' title="bbox 670 51 913 88">
    <p class='ocr_par' dir='ltr' id='par_1_8' title="bbox 670 51 913 88">
     <span class='ocr_line' id='line_1_8' title="bbox 670 51 913 88; baseline -0.004 -11"><span class='ocrx_word' id='word_1_8' title='bbox 670 51 913 88; x_wconf 66' lang='lat' dir='ltr'>—5g-.</span> 
     </span>
    </p>
   </div>
   <div class='ocr_carea' id='block_1_9' title="bbox 221 150 766 388">
    <p class='ocr_par' dir='ltr' id='par_1_9' title="bbox 222 150 765 196">
     <span class='ocr_line' id='line_1_9' title="bbox 222 150 765 196; baseline -0.015 -7"><span class='ocrx_word' id='word_1_9' title='bbox 222 153 337 196; x_wconf 78' lang='lat' dir='ltr'>Virgo.</span> <span class='ocrx_word' id='word_1_10' title='bbox 351 158 387 187; x_wconf 88' lang='lat' dir='ltr'>tu</span> <span class='ocrx_word' id='word_1_11' title='bbox 401 162 434 186; x_wconf 82' lang='lat' dir='ltr'>cs</span> <span class='ocrx_word' id='word_1_12' title='bbox 448 153 528 185; x_wconf 83' lang='lat' dir='ltr'>haee</span> <span class='ocrx_word' id='word_1_13' title='bbox 541 150 620 183; x_wconf 78' lang='lat' dir='ltr'>felix</span> <span class='ocrx_word' id='word_1_14' title='bbox 635 150 765 191; x_wconf 80' lang='lat' dir='ltr'>femina,</span> 
     </span>
    </p>

    <p class='ocr_par' dir='ltr' id='par_1_10' title="bbox 221 200 766 245">
     <span class='ocr_line' id='line_1_10' title="bbox 221 200 766 245; baseline -0.011 -9"><span class='ocrx_word' id='word_1_15' title='bbox 221 205 308 245; x_wconf 81' lang='lat' dir='ltr'>Quae</span> <span class='ocrx_word' id='word_1_16' title='bbox 321 202 501 235; x_wconf 62' lang='lat' dir='ltr'>circumdas</span> <span class='ocrx_word' id='word_1_17' title='bbox 508 200 613 233; x_wconf 86' lang='lat' dir='ltr'>virum</span> <span class='ocrx_word' id='word_1_18' title='bbox 623 200 656 232; x_wconf 87' lang='lat' dir='ltr'>in</span> <span class='ocrx_word' id='word_1_19' title='bbox 662 203 766 240; x_wconf 82' lang='lat' dir='ltr'>utero,</span> 
     </span>
    </p>

    <p class='ocr_par' dir='ltr' id='par_1_11' title="bbox 221 247 766 337">
     <span class='ocr_line' id='line_1_11' title="bbox 221 247 766 296; baseline -0.013 -11"><span class='ocrx_word' id='word_1_20' title='bbox 221 252 283 296; x_wconf 85' lang='lat' dir='ltr'>Da,</span> <span class='ocrx_word' id='word_1_21' title='bbox 300 256 335 283; x_wconf 85' lang='lat' dir='ltr'>ut</span> <span class='ocrx_word' id='word_1_22' title='bbox 349 259 511 290; x_wconf 82' lang='lat' dir='ltr'>nunquam</span> <span class='ocrx_word' id='word_1_23' title='bbox 525 257 617 281; x_wconf 82' lang='lat' dir='ltr'>ruam</span> <span class='ocrx_word' id='word_1_24' title='bbox 629 255 691 288; x_wconf 89' lang='lat' dir='ltr'>per</span> <span class='ocrx_word' id='word_1_25' title='bbox 704 247 766 279; x_wconf 83' lang='lat' dir='ltr'>ori-</span> 
     </span>
     <span class='ocr_line' id='line_1_12' title="bbox 531 306 632 337; baseline 0 -9"><span class='ocrx_word' id='word_1_26' title='bbox 531 306 632 337; x_wconf 84' lang='lat' dir='ltr'>mma⁷</span> 
     </span>
    </p>

    <p class='ocr_par' dir='ltr' id='par_1_12' title="bbox 222 344 766 388">
     <span class='ocr_line' id='line_1_13' title="bbox 222 344 766 388; baseline -0.009 -7"><span class='ocrx_word' id='word_1_27' title='bbox 222 349 335 382; x_wconf 84' lang='lat' dir='ltr'>Donec</span> <span class='ocrx_word' id='word_1_28' title='bbox 344 355 477 388; x_wconf 85' lang='lat' dir='ltr'>regnum</span> <span class='ocrx_word' id='word_1_29' title='bbox 489 344 766 385; x_wconf 81' lang='lat' dir='ltr'>coeliposseclero.</span> 
     </span>
    </p>
   </div>
   <div class='ocr_carea' id='block_1_10' title="bbox 222 421 768 610">
    <p class='ocr_par' dir='ltr' id='par_1_13' title="bbox 226 421 768 463">
     <span class='ocr_line' id='line_1_14' title="bbox 226 421 768 463; baseline -0.011 -4"><span class='ocrx_word' id='word_1_30' title='bbox 226 423 326 460; x_wconf 74' lang='lat' dir='ltr'>Nulla</span> <span class='ocrx_word' id='word_1_31' title='bbox 347 425 433 457; x_wconf 83' lang='lat' dir='ltr'>delet</span> <span class='ocrx_word' id='word_1_32' title='bbox 459 432 518 463; x_wconf 75' lang='lat' dir='ltr'>per</span> <span class='ocrx_word' id='word_1_33' title='bbox 540 422 613 454; x_wconf 79' lang='lat' dir='ltr'>aevi</span> <span class='ocrx_word' id='word_1_34' title='bbox 637 421 768 454; x_wconf 77' lang='lat' dir='ltr'>saecula</span> 
     </span>
    </p>

    <p class='ocr_par' dir='ltr' id='par_1_14' title="bbox 223 469 726 510">
     <span class='ocr_line' id='line_1_15' title="bbox 223 469 726 510; baseline -0.012 -3"><span class='ocrx_word' id='word_1_35' title='bbox 223 474 313 507; x_wconf 87' lang='lat' dir='ltr'>Tuae</span> <span class='ocrx_word' id='word_1_36' title='bbox 337 473 425 505; x_wconf 82' lang='lat' dir='ltr'>vitae</span> <span class='ocrx_word' id='word_1_37' title='bbox 449 470 569 504; x_wconf 84' lang='lat' dir='ltr'>famam</span> <span class='ocrx_word' id='word_1_38' title='bbox 595 469 726 510; x_wconf 73' lang='lat' dir='ltr'>oblivio,</span> 
     </span>
    </p>

    <p class='ocr_par' dir='ltr' id='par_1_15' title="bbox 222 519 766 610">
     <span class='ocr_line' id='line_1_16' title="bbox 222 519 766 599; baseline -0.009 -44"><span class='ocrx_word' id='word_1_39' title='bbox 222 523 253 555; x_wconf 81' lang='lat' dir='ltr'>A</span> <span class='ocrx_word' id='word_1_40' title='bbox 278 530 330 554; x_wconf 87' lang='lat' dir='ltr'>me</span> <span class='ocrx_word' id='word_1_41' title='bbox 355 524 472 553; x_wconf 78' lang='lat' dir='ltr'>cuneta</span> <span class='ocrx_word' id='word_1_42' title='bbox 495 519 644 599; x_wconf 51' lang='lat' dir='ltr'>lii-gpfgle</span> <span class='ocrx_word' id='word_1_43' title='bbox 673 526 766 550; x_wconf 84' lang='lat' dir='ltr'>scan-</span> 
     </span>
     <span class='ocr_line' id='line_1_17' title="bbox 613 594 620 610; baseline 0 0"><span class='ocrx_word' id='word_1_44' title='bbox 613 594 620 610; x_wconf 70' lang='lat'><em>2</em></span> 
     </span>
    </p>
   </div>
   <div class='ocr_carea' id='block_1_11' title="bbox 228 615 766 658">
    <p class='ocr_par' dir='ltr' id='par_1_16' title="bbox 228 615 766 658">
     <span class='ocr_line' id='line_1_18' title="bbox 228 615 766 658; baseline -0.009 -7"><span class='ocrx_word' id='word_1_45' title='bbox 228 619 315 658; x_wconf 72' lang='lat' dir='ltr'>Quae</span> <span class='ocrx_word' id='word_1_46' title='bbox 339 617 468 657; x_wconf 80' lang='lat' dir='ltr'>peceati</span> <span class='ocrx_word' id='word_1_47' title='bbox 488 618 598 649; x_wconf 84' lang='lat' dir='ltr'>causat</span> <span class='ocrx_word' id='word_1_48' title='bbox 617 615 766 648; x_wconf 77' lang='lat' dir='ltr'>colluvio.</span> 
     </span>
    </p>
   </div>
   <div class='ocr_carea' id='block_1_12' title="bbox 227 694 767 783">
    <p class='ocr_par' dir='ltr' id='par_1_17' title="bbox 227 694 767 783">
     <span class='ocr_line' id='line_1_19' title="bbox 228 694 767 735; baseline 0 -9"><span class='ocrx_word' id='word_1_49' title='bbox 228 697 253 730; x_wconf 83' lang='grc'>0</span> <span class='ocrx_word' id='word_1_50' title='bbox 280 694 422 735; x_wconf 82' lang='lat' dir='ltr'>benigna</span> <span class='ocrx_word' id='word_1_51' title='bbox 445 697 551 726; x_wconf 81' lang='lat' dir='ltr'>mater</span> <span class='ocrx_word' id='word_1_52' title='bbox 577 697 608 725; x_wconf 84' lang='lat' dir='ltr'>et</span> <span class='ocrx_word' id='word_1_53' title='bbox 628 694 767 735; x_wconf 85' lang='lat' dir='ltr'>domina,</span> 
     </span>
     <span class='ocr_line' id='line_1_20' title="bbox 227 740 766 783; baseline -0.006 -7"><span class='ocrx_word' id='word_1_54' title='bbox 227 744 274 777; x_wconf 85' lang='lat' dir='ltr'>Te</span> <span class='ocrx_word' id='word_1_55' title='bbox 300 745 486 783; x_wconf 68' lang='lat' dir='ltr'>sequentem</span> <span class='ocrx_word' id='word_1_56' title='bbox 511 740 671 774; x_wconf 87' lang='lat' dir='ltr'>infirmum</span> <span class='ocrx_word' id='word_1_57' title='bbox 699 750 766 774; x_wconf 89' lang='lat' dir='ltr'>ser-</span> 
     </span>
    </p>
   </div>
   <div class='ocr_carea' id='block_1_13' title="bbox 224 790 768 1016">
    <p class='ocr_par' dir='ltr' id='par_1_18' title="bbox 224 790 766 881">
     <span class='ocr_line' id='line_1_21' title="bbox 538 790 645 822; baseline 0.009 -1"><span class='ocrx_word' id='word_1_58' title='bbox 538 790 645 822; x_wconf 86' lang='lat' dir='ltr'>vulum</span> 
     </span>
     <span class='ocr_line' id='line_1_22' title="bbox 224 838 766 881; baseline -0.006 -7"><span class='ocrx_word' id='word_1_59' title='bbox 224 839 451 881; x_wconf 77' lang='lat' dir='ltr'>Praestolare,</span> <span class='ocrx_word' id='word_1_60' title='bbox 498 843 614 871; x_wconf 84' lang='lat' dir='ltr'>cuneta</span> <span class='ocrx_word' id='word_1_61' title='bbox 653 838 766 872; x_wconf 80' lang='lat' dir='ltr'>discri-</span> 
     </span>
    </p>

    <p class='ocr_par' dir='ltr' id='par_1_19' title="bbox 224 887 768 976">
     <span class='ocr_line' id='line_1_23' title="bbox 534 887 623 919; baseline 0 0"><span class='ocrx_word' id='word_1_62' title='bbox 534 887 623 919; x_wconf 86' lang='lat' dir='ltr'>mina</span> 
     </span>
     <span class='ocr_line' id='line_1_24' title="bbox 224 934 768 976; baseline -0.006 -6"><span class='ocrx_word' id='word_1_63' title='bbox 224 934 508 976; x_wconf 78' lang='lat' dir='ltr'>Propellendoque</span> <span class='ocrx_word' id='word_1_64' title='bbox 545 935 672 968; x_wconf 85' lang='lat' dir='ltr'>hostem</span> <span class='ocrx_word' id='word_1_65' title='bbox 708 934 768 968; x_wconf 84' lang='lat' dir='ltr'>fri-</span> 
     </span>
    </p>

    <p class='ocr_par' dir='ltr' id='par_1_20' title="bbox 536 984 654 1016">
     <span class='ocr_line' id='line_1_25' title="bbox 536 984 654 1016; baseline 0.008 -1"><span class='ocrx_word' id='word_1_66' title='bbox 536 984 654 1016; x_wconf 85' lang='lat' dir='ltr'>volum.</span> 
     </span>
    </p>
   </div>
   <div class='ocr_carea' id='block_1_14' title="bbox 227 1060 770 1384">
    <p class='ocr_par' dir='ltr' id='par_1_21' title="bbox 229 1060 769 1150">
     <span class='ocr_line' id='line_1_26' title="bbox 229 1060 769 1102; baseline -0.006 -6"><span class='ocrx_word' id='word_1_67' title='bbox 229 1060 334 1096; x_wconf 75' lang='lat' dir='ltr'>Stella</span> <span class='ocrx_word' id='word_1_68' title='bbox 356 1061 528 1102; x_wconf 63' lang='lat' dir='ltr'>splendens</span> <span class='ocrx_word' id='word_1_69' title='bbox 555 1064 655 1093; x_wconf 79' lang='lat' dir='ltr'>maris</span> <span class='ocrx_word' id='word_1_70' title='bbox 672 1061 769 1093; x_wconf 86' lang='lat' dir='ltr'>undi-</span> 
     </span>
     <span class='ocr_line' id='line_1_27' title="bbox 536 1110 618 1150; baseline -0.012 -9"><span class='ocrx_word' id='word_1_71' title='bbox 536 1110 618 1150; x_wconf 57' lang='lat' dir='ltr'>soni,</span> 
     </span>
    </p>

    <p class='ocr_par' dir='ltr' id='par_1_22' title="bbox 227 1158 770 1246">
     <span class='ocr_line' id='line_1_28' title="bbox 227 1158 770 1198; baseline -0.002 -7"><span class='ocrx_word' id='word_1_72' title='bbox 227 1158 415 1191; x_wconf 78' lang='lat' dir='ltr'>Monstraus</span> <span class='ocrx_word' id='word_1_73' title='bbox 449 1161 580 1197; x_wconf 86' lang='lat' dir='ltr'>portum</span> <span class='ocrx_word' id='word_1_74' title='bbox 610 1165 770 1198; x_wconf 76' lang='lat' dir='ltr'>supernae</span> 
     </span>
     <span class='ocr_line' id='line_1_29' title="bbox 536 1206 674 1246; baseline 0.007 -10"><span class='ocrx_word' id='word_1_75' title='bbox 536 1206 674 1246; x_wconf 71' lang='lat' dir='ltr'>patriae.</span> 
     </span>
    </p>

    <p class='ocr_par' dir='ltr' id='par_1_23' title="bbox 227 1253 701 1287">
     <span class='ocr_line' id='line_1_30' title="bbox 227 1253 701 1287; baseline -0.004 0"><span class='ocrx_word' id='word_1_76' title='bbox 227 1254 414 1287; x_wconf 76' lang='lat' dir='ltr'>Modulanti</span> <span class='ocrx_word' id='word_1_77' title='bbox 439 1254 515 1285; x_wconf 86' lang='lat' dir='ltr'>meli</span> <span class='ocrx_word' id='word_1_78' title='bbox 543 1253 701 1286; x_wconf 79' lang='lat' dir='ltr'>dulcisoni</span> 
     </span>
    </p>

    <p class='ocr_par' dir='ltr' id='par_1_24' title="bbox 230 1302 770 1384">
     <span class='ocr_line' id='line_1_31' title="bbox 230 1302 770 1343; baseline -0.002 -7"><span class='ocrx_word' id='word_1_79' title='bbox 230 1302 368 1336; x_wconf 84' lang='lat' dir='ltr'>Carmen</span> <span class='ocrx_word' id='word_1_80' title='bbox 393 1303 499 1334; x_wconf 81' lang='lat' dir='ltr'>sinum</span> <span class='ocrx_word' id='word_1_81' title='bbox 525 1302 675 1342; x_wconf 78' lang='lat' dir='ltr'>expande</span> <span class='ocrx_word' id='word_1_82' title='bbox 697 1312 770 1343; x_wconf 82' lang='lat' dir='ltr'>gra—</span> 
     </span>
     <span class='ocr_line' id='line_1_32' title="bbox 540 1350 616 1384; baseline 0.039 -3"><span class='ocrx_word' id='word_1_83' title='bbox 540 1350 616 1384; x_wconf 81' lang='lat' dir='ltr'>tiae.</span> 
     </span>
    </p>
   </div>
   <div class='ocr_carea' id='block_1_15' title="bbox 228 1425 773 1662">
    <p class='ocr_par' dir='ltr' id='par_1_25' title="bbox 230 1425 773 1468">
     <span class='ocr_line' id='line_1_33' title="bbox 230 1425 773 1468; baseline -0.006 -6"><span class='ocrx_word' id='word_1_84' title='bbox 230 1425 285 1462; x_wconf 64' lang='lat' dir='ltr'>Aa</span> <span class='ocrx_word' id='word_1_85' title='bbox 311 1428 491 1468; x_wconf 62' lang='lat' dir='ltr'>spectanda</span> <span class='ocrx_word' id='word_1_86' title='bbox 515 1436 658 1467; x_wconf 85' lang='lat' dir='ltr'>superna</span> <span class='ocrx_word' id='word_1_87' title='bbox 682 1427 773 1468; x_wconf 82' lang='lat' dir='ltr'>erige</span> 
     </span>
    </p>

    <p class='ocr_par' dir='ltr' id='par_1_26' title="bbox 229 1476 770 1566">
     <span class='ocr_line' id='line_1_34' title="bbox 229 1476 770 1519; baseline -0.002 -11"><span class='ocrx_word' id='word_1_88' title='bbox 229 1476 375 1509; x_wconf 79' lang='lat' dir='ltr'>Mentem</span> <span class='ocrx_word' id='word_1_89' title='bbox 391 1484 506 1519; x_wconf 77' lang='lat' dir='ltr'>ineam,</span> <span class='ocrx_word' id='word_1_90' title='bbox 536 1484 666 1518; x_wconf 72' lang='lat' dir='ltr'>quaeso,</span> <span class='ocrx_word' id='word_1_91' title='bbox 684 1476 770 1508; x_wconf 90' lang='lat' dir='ltr'>iner-</span> 
     </span>
     <span class='ocr_line' id='line_1_35' title="bbox 539 1524 647 1566; baseline -0.009 -10"><span class='ocrx_word' id='word_1_92' title='bbox 539 1524 647 1566; x_wconf 80' lang='lat' dir='ltr'>ticam,</span> 
     </span>
    </p>

    <p class='ocr_par' dir='ltr' id='par_1_27' title="bbox 228 1572 770 1616">
     <span class='ocr_line' id='line_1_36' title="bbox 228 1572 770 1616; baseline -0.002 -11"><span class='ocrx_word' id='word_1_93' title='bbox 228 1573 273 1605; x_wconf 87' lang='lat' dir='ltr'>Et</span> <span class='ocrx_word' id='word_1_94' title='bbox 291 1572 338 1605; x_wconf 82' lang='lat' dir='ltr'>sic</span> <span class='ocrx_word' id='word_1_95' title='bbox 354 1576 457 1605; x_wconf 88' lang='lat' dir='ltr'>totum</span> <span class='ocrx_word' id='word_1_96' title='bbox 475 1572 510 1604; x_wconf 86' lang='lat' dir='ltr'>in</span> <span class='ocrx_word' id='word_1_97' title='bbox 519 1572 624 1605; x_wconf 90' lang='lat' dir='ltr'>Deum</span> <span class='ocrx_word' id='word_1_98' title='bbox 643 1572 770 1616; x_wconf 76' lang='lat' dir='ltr'>collige,</span> 
     </span>
    </p>

    <p class='ocr_par' dir='ltr' id='par_1_28' title="bbox 231 1620 770 1662">
     <span class='ocr_line' id='line_1_37' title="bbox 231 1620 770 1662; baseline 0 -8"><span class='ocrx_word' id='word_1_99' title='bbox 231 1621 282 1654; x_wconf 69' lang='lat' dir='ltr'>Ne</span> <span class='ocrx_word' id='word_1_100' title='bbox 288 1620 419 1653; x_wconf 86' lang='lat' dir='ltr'>labatur</span> <span class='ocrx_word' id='word_1_101' title='bbox 425 1621 459 1652; x_wconf 89' lang='lat' dir='ltr'>in</span> <span class='ocrx_word' id='word_1_102' title='bbox 467 1621 594 1662; x_wconf 80' lang='lat' dir='ltr'>culpam</span> <span class='ocrx_word' id='word_1_103' title='bbox 601 1621 770 1654; x_wconf 82' lang='lat' dir='ltr'>lubricam.</span> 
     </span>
    </p>
   </div>
   <div class='ocr_carea' id='block_1_16' title="bbox 228 1686 772 1918">
    <p class='ocr_par' dir='ltr' id='par_1_29' title="bbox 235 1686 645 1730">
     <span class='ocr_line' id='line_1_38' title="bbox 235 1686 645 1730; baseline -0.007 -6"><span class='ocrx_word' id='word_1_104' title='bbox 235 1686 390 1724; x_wconf 75' lang='lat' dir='ltr'>Bonitate</span> <span class='ocrx_word' id='word_1_105' title='bbox 414 1688 474 1721; x_wconf 85' lang='lat' dir='ltr'>tibi</span> <span class='ocrx_word' id='word_1_106' title='bbox 499 1689 645 1730; x_wconf 86' lang='lat' dir='ltr'>ingenita</span> 
     </span>
    </p>

    <p class='ocr_par' dir='ltr' id='par_1_30' title="bbox 228 1737 772 1780">
     <span class='ocr_line' id='line_1_39' title="bbox 228 1737 772 1780; baseline -0.004 -9"><span class='ocrx_word' id='word_1_107' title='bbox 228 1738 273 1771; x_wconf 87' lang='lat' dir='ltr'>Et</span> <span class='ocrx_word' id='word_1_108' title='bbox 281 1745 342 1778; x_wconf 83' lang='lat' dir='ltr'>per</span> <span class='ocrx_word' id='word_1_109' title='bbox 350 1737 423 1778; x_wconf 88' lang='lat' dir='ltr'>Dei,</span> <span class='ocrx_word' id='word_1_110' title='bbox 436 1746 499 1777; x_wconf 84' lang='lat' dir='ltr'>qua</span> <span class='ocrx_word' id='word_1_111' title='bbox 506 1737 622 1778; x_wconf 80' lang='lat' dir='ltr'>polles,</span> <span class='ocrx_word' id='word_1_112' title='bbox 633 1737 772 1780; x_wconf 81' lang='lat' dir='ltr'>gratiam</span> 
     </span>
    </p>

    <p class='ocr_par' dir='ltr' id='par_1_31' title="bbox 228 1786 770 1829">
     <span class='ocr_line' id='line_1_40' title="bbox 228 1786 770 1829; baseline -0.002 -9"><span class='ocrx_word' id='word_1_113' title='bbox 228 1786 401 1829; x_wconf 76' lang='lat' dir='ltr'>Fonn&#39;tem‚</span> <span class='ocrx_word' id='word_1_114' title='bbox 410 1795 472 1827; x_wconf 81' lang='lat' dir='ltr'>quo</span> <span class='ocrx_word' id='word_1_115' title='bbox 482 1795 610 1827; x_wconf 81' lang='lat' dir='ltr'>gravor,</span> <span class='ocrx_word' id='word_1_116' title='bbox 625 1786 770 1828; x_wconf 85' lang='lat' dir='ltr'>debilita,</span> 
     </span>
    </p>

    <p class='ocr_par' dir='ltr' id='par_1_32' title="bbox 232 1834 772 1918">
     <span class='ocr_line' id='line_1_41' title="bbox 232 1834 772 1875; baseline 0 -8"><span class='ocrx_word' id='word_1_117' title='bbox 232 1835 283 1868; x_wconf 75' lang='lat' dir='ltr'>Ne</span> <span class='ocrx_word' id='word_1_118' title='bbox 317 1843 376 1875; x_wconf 88' lang='lat' dir='ltr'>per</span> <span class='ocrx_word' id='word_1_119' title='bbox 403 1835 510 1867; x_wconf 87' lang='lat' dir='ltr'>carnis</span> <span class='ocrx_word' id='word_1_120' title='bbox 536 1834 651 1868; x_wconf 86' lang='lat' dir='ltr'>foeder</span> <span class='ocrx_word' id='word_1_121' title='bbox 675 1835 772 1867; x_wconf 83' lang='lat' dir='ltr'>lasei-</span> 
     </span>
     <span class='ocr_line' id='line_1_42' title="bbox 540 1893 637 1918; baseline 0.021 -2"><span class='ocrx_word' id='word_1_122' title='bbox 540 1893 637 1918; x_wconf 83' lang='lat' dir='ltr'>v1am.</span> 
     </span>
    </p>
   </div>
   <div class='ocr_carea' id='block_1_17' title="bbox 230 1949 775 2188">
    <p class='ocr_par' dir='ltr' id='par_1_33' title="bbox 230 1949 775 2188">
     <span class='ocr_line' id='line_1_43' title="bbox 231 1949 774 1986; baseline -0.002 0"><span class='ocrx_word' id='word_1_123' title='bbox 231 1949 343 1986; x_wconf 84' lang='lat' dir='ltr'>Hostis</span> <span class='ocrx_word' id='word_1_124' title='bbox 372 1952 500 1985; x_wconf 81' lang='lat' dir='ltr'>dentem</span> <span class='ocrx_word' id='word_1_125' title='bbox 526 1952 666 1985; x_wconf 86' lang='lat' dir='ltr'>retunde</span> <span class='ocrx_word' id='word_1_126' title='bbox 689 1952 774 1985; x_wconf 87' lang='lat' dir='ltr'>invi-</span> 
     </span>
     <span class='ocr_line' id='line_1_44' title="bbox 543 2001 618 2034; baseline -0.027 0"><span class='ocrx_word' id='word_1_127' title='bbox 543 2001 618 2034; x_wconf 81' lang='lat' dir='ltr'>dum</span> 
     </span>
     <span class='ocr_line' id='line_1_45' title="bbox 230 2050 775 2083; baseline 0 -1"><span class='ocrx_word' id='word_1_128' title='bbox 230 2050 450 2082; x_wconf 74' lang='lat' dir='ltr'>Maeliiuantis</span> <span class='ocrx_word' id='word_1_129' title='bbox 475 2059 582 2082; x_wconf 78' lang='lat' dir='ltr'>meum</span> <span class='ocrx_word' id='word_1_130' title='bbox 605 2050 775 2083; x_wconf 80' lang='lat' dir='ltr'>interitum</span> 
     </span>
     <span class='ocr_line' id='line_1_46' title="bbox 231 2097 715 2140; baseline 0 -9"><span class='ocrx_word' id='word_1_131' title='bbox 231 2098 276 2131; x_wconf 87' lang='lat' dir='ltr'>Et</span> <span class='ocrx_word' id='word_1_132' title='bbox 303 2097 447 2132; x_wconf 87' lang='lat' dir='ltr'>furorem</span> <span class='ocrx_word' id='word_1_133' title='bbox 469 2098 590 2139; x_wconf 88' lang='lat' dir='ltr'>judicis</span> <span class='ocrx_word' id='word_1_134' title='bbox 616 2098 715 2140; x_wconf 84' lang='lat' dir='ltr'><strong>rigidi</strong></span> 
     </span>
     <span class='ocr_line' id='line_1_47' title="bbox 230 2147 773 2188; baseline 0.006 -9"><span class='ocrx_word' id='word_1_135' title='bbox 230 2147 330 2180; x_wconf 81' lang='lat' dir='ltr'>Placa</span> <span class='ocrx_word' id='word_1_136' title='bbox 342 2148 421 2180; x_wconf 89' lang='lat' dir='ltr'>mihi</span> <span class='ocrx_word' id='word_1_137' title='bbox 434 2152 523 2179; x_wconf 88' lang='lat' dir='ltr'>tuum</span> <span class='ocrx_word' id='word_1_138' title='bbox 537 2155 598 2188; x_wconf 84' lang='lat' dir='ltr'>per</span> <span class='ocrx_word' id='word_1_139' title='bbox 610 2148 773 2183; x_wconf 84' lang='lat' dir='ltr'>meritum.</span> 
     </span>
    </p>
   </div>
   <div class='ocr_carea' id='block_1_18' title="bbox 172 2214 725 2256">
    <p class='ocr_par' dir='ltr' id='par_1_34' title="bbox 172 2214 725 2256">
     <span class='ocr_line' id='line_1_48' title="bbox 172 2214 725 2256; baseline 0.004 -9"><span class='ocrx_word' id='word_1_140' title='bbox 172 2224 204 2247; x_wconf 89' lang='lat'>·.</span> <span class='ocrx_word' id='word_1_141' title='bbox 234 2214 323 2250; x_wconf 74' lang='lat' dir='ltr'>offer</span> <span class='ocrx_word' id='word_1_142' title='bbox 348 2224 407 2256; x_wconf 83' lang='lat' dir='ltr'>pro</span> <span class='ocrx_word' id='word_1_143' title='bbox 434 2225 486 2248; x_wconf 90' lang='lat' dir='ltr'>me</span> <span class='ocrx_word' id='word_1_144' title='bbox 513 2216 631 2248; x_wconf 83' lang='lat' dir='ltr'>dilecto</span> <span class='ocrx_word' id='word_1_145' title='bbox 658 2215 725 2249; x_wconf 89' lang='lat' dir='ltr'>filio</span> 
     </span>
    </p>
   </div>
   <div class='ocr_carea' id='block_1_19' title="bbox 231 2265 772 2404">
    <p class='ocr_par' dir='ltr' id='par_1_35' title="bbox 231 2265 772 2404">
     <span class='ocr_line' id='line_1_49' title="bbox 232 2265 681 2298; baseline 0 -1"><span class='ocrx_word' id='word_1_146' title='bbox 232 2265 320 2297; x_wconf 85' lang='lat' dir='ltr'><strong>Thus</strong></span> <span class='ocrx_word' id='word_1_147' title='bbox 347 2265 503 2297; x_wconf 84' lang='lat' dir='ltr'>orationis</span> <span class='ocrx_word' id='word_1_148' title='bbox 529 2265 681 2298; x_wconf 82' lang='lat' dir='ltr'>assiduae</span> 
     </span>
     <span class='ocr_line' id='line_1_50' title="bbox 232 2313 760 2356; baseline -0.002 -10"><span class='ocrx_word' id='word_1_149' title='bbox 232 2315 297 2347; x_wconf 89' lang='lat' dir='ltr'>Pro</span> <span class='ocrx_word' id='word_1_150' title='bbox 322 2318 457 2353; x_wconf 81' lang='lat' dir='ltr'>peccato</span> <span class='ocrx_word' id='word_1_151' title='bbox 483 2313 575 2355; x_wconf 85' lang='lat' dir='ltr'>gravi</span> <span class='ocrx_word' id='word_1_152' title='bbox 602 2317 633 2345; x_wconf 87' lang='lat' dir='ltr'>et</span> <span class='ocrx_word' id='word_1_153' title='bbox 657 2313 760 2356; x_wconf 76' lang='lat' dir='ltr'>vario,</span> 
     </span>
     <span class='ocr_line' id='line_1_51' title="bbox 231 2362 772 2404; baseline 0.002 -9"><span class='ocrx_word' id='word_1_154' title='bbox 231 2362 264 2395; x_wconf 74' lang='lat' dir='ltr'>N</span> <span class='ocrx_word' id='word_1_155' title='bbox 266 2371 283 2395; x_wconf 90' lang='lat' dir='ltr'>e</span> <span class='ocrx_word' id='word_1_156' title='bbox 298 2371 351 2394; x_wconf 88' lang='lat' dir='ltr'>me</span> <span class='ocrx_word' id='word_1_157' title='bbox 368 2362 479 2396; x_wconf 84' lang='lat' dir='ltr'>tradat</span> <span class='ocrx_word' id='word_1_158' title='bbox 498 2362 568 2395; x_wconf 86' lang='lat' dir='ltr'>neci</span> <span class='ocrx_word' id='word_1_159' title='bbox 582 2366 772 2404; x_wconf 77' lang='lat' dir='ltr'>perpetuae.</span> 
     </span>
    </p>
   </div>
   <div class='ocr_carea' id='block_1_20' title="bbox 838 151 896 184">
    <p class='ocr_par' dir='ltr' id='par_1_36' title="bbox 838 151 896 184">
     <span class='ocr_line' id='line_1_52' title="bbox 838 151 896 184; baseline 0 0"><span class='ocrx_word' id='word_1_160' title='bbox 838 151 896 184; x_wconf 73' lang='lat'>43.</span> 
     </span>
    </p>
   </div>
   <div class='ocr_carea' id='block_1_21' title="bbox 839 364 896 396">
    <p class='ocr_par' dir='ltr' id='par_1_37' title="bbox 839 364 896 396">
     <span class='ocr_line' id='line_1_53' title="bbox 839 364 896 396; baseline -0.035 0"><span class='ocrx_word' id='word_1_161' title='bbox 839 364 896 396; x_wconf 82' lang='lat'>44.</span> 
     </span>
    </p>
   </div>
   <div class='ocr_carea' id='block_1_22' title="bbox 839 578 897 611">
    <p class='ocr_par' dir='ltr' id='par_1_38' title="bbox 839 578 897 611">
     <span class='ocr_line' id='line_1_54' title="bbox 839 578 897 611; baseline 0.017 -1"><span class='ocrx_word' id='word_1_162' title='bbox 839 578 897 611; x_wconf 88' lang='lat'>45.</span> 
     </span>
    </p>
   </div>
   <div class='ocr_carea' id='block_1_23' title="bbox 840 792 897 824">
    <p class='ocr_par' dir='ltr' id='par_1_39' title="bbox 840 792 897 824">
     <span class='ocr_line' id='line_1_55' title="bbox 840 792 897 824; baseline 0 0"><span class='ocrx_word' id='word_1_163' title='bbox 840 792 897 824; x_wconf 71' lang='lat'>46.</span> 
     </span>
    </p>
   </div>
   <div class='ocr_carea' id='block_1_24' title="bbox 840 1102 898 1134">
    <p class='ocr_par' dir='ltr' id='par_1_40' title="bbox 840 1102 898 1134">
     <span class='ocr_line' id='line_1_56' title="bbox 840 1102 898 1134; baseline 0.017 -1"><span class='ocrx_word' id='word_1_164' title='bbox 840 1102 898 1134; x_wconf 83' lang='lat'>47.</span> 
     </span>
    </p>
   </div>
   <div class='ocr_carea' id='block_1_25' title="bbox 843 1352 901 1385">
    <p class='ocr_par' dir='ltr' id='par_1_41' title="bbox 843 1352 901 1385">
     <span class='ocr_line' id='line_1_57' title="bbox 843 1352 901 1385; baseline 0 0"><span class='ocrx_word' id='word_1_165' title='bbox 843 1352 901 1385; x_wconf 83' lang='lat'>48.</span> 
     </span>
    </p>
   </div>
   <div class='ocr_carea' id='block_1_26' title="bbox 844 1556 900 1588">
    <p class='ocr_par' dir='ltr' id='par_1_42' title="bbox 844 1556 900 1588">
     <span class='ocr_line' id='line_1_58' title="bbox 844 1556 900 1588; baseline 0 0"><span class='ocrx_word' id='word_1_166' title='bbox 844 1556 900 1588; x_wconf 71' lang='lat'>49.</span> 
     </span>
    </p>
   </div>
   <div class='ocr_carea' id='block_1_27' title="bbox 845 1808 901 1842">
    <p class='ocr_par' dir='ltr' id='par_1_43' title="bbox 845 1808 901 1842">
     <span class='ocr_line' id='line_1_59' title="bbox 845 1808 901 1842; baseline 0.018 -1"><span class='ocrx_word' id='word_1_167' title='bbox 845 1808 901 1842; x_wconf 79' lang='lat'>50.</span> 
     </span>
    </p>
   </div>
   <div class='ocr_carea' id='block_1_28' title="bbox 846 2013 903 2046">
    <p class='ocr_par' dir='ltr' id='par_1_44' title="bbox 846 2013 903 2046">
     <span class='ocr_line' id='line_1_60' title="bbox 846 2013 903 2046; baseline 0.018 -1"><span class='ocrx_word' id='word_1_168' title='bbox 846 2013 903 2046; x_wconf 81' lang='lat'>51.</span> 
     </span>
    </p>
   </div>
   <div class='ocr_carea' id='block_1_29' title="bbox 848 2217 904 2250">
    <p class='ocr_par' dir='ltr' id='par_1_45' title="bbox 848 2217 904 2250">
     <span class='ocr_line' id='line_1_61' title="bbox 848 2217 904 2250; baseline 0.018 -1"><span class='ocrx_word' id='word_1_169' title='bbox 848 2217 904 2250; x_wconf 86' lang='lat'>52.</span> 
     </span>
    </p>
   </div>
   <div class='ocr_carea' id='block_1_30' title="bbox 923 145 1466 327">
    <p class='ocr_par' dir='ltr' id='par_1_46' title="bbox 923 145 1458 285">
     <span class='ocr_line' id='line_1_62' title="bbox 925 145 1458 182; baseline -0.009 0"><span class='ocrx_word' id='word_1_170' title='bbox 925 145 1021 182; x_wconf 88' lang='lat' dir='ltr'>Servi</span> <span class='ocrx_word' id='word_1_171' title='bbox 1046 148 1094 180; x_wconf 91' lang='lat' dir='ltr'>tui</span> <span class='ocrx_word' id='word_1_172' title='bbox 1118 151 1260 180; x_wconf 81' lang='lat' dir='ltr'><strong>mentem</strong></span> <span class='ocrx_word' id='word_1_173' title='bbox 1287 154 1458 178; x_wconf 84' lang='lat' dir='ltr'>erroneam</span> 
     </span>
     <span class='ocr_line' id='line_1_63' title="bbox 924 194 1448 235; baseline -0.006 -6"><span class='ocrx_word' id='word_1_174' title='bbox 924 197 980 229; x_wconf 86' lang='lat' dir='ltr'>Ad</span> <span class='ocrx_word' id='word_1_175' title='bbox 1006 196 1162 230; x_wconf 82' lang='lat' dir='ltr'>virtutum</span> <span class='ocrx_word' id='word_1_176' title='bbox 1189 196 1292 228; x_wconf 80' lang='lat' dir='ltr'>reduc</span> <span class='ocrx_word' id='word_1_177' title='bbox 1316 194 1448 235; x_wconf 80' lang='lat' dir='ltr'>itinera,</span> 
     </span>
     <span class='ocr_line' id='line_1_64' title="bbox 923 243 1382 285; baseline -0.004 -7"><span class='ocrx_word' id='word_1_178' title='bbox 923 246 964 278; x_wconf 88' lang='lat'>111</span> <span class='ocrx_word' id='word_1_179' title='bbox 990 245 1229 285; x_wconf 83' lang='lat' dir='ltr'>desperationis</span> <span class='ocrx_word' id='word_1_180' title='bbox 1255 243 1382 277; x_wconf 86' lang='lat' dir='ltr'>foveam</span> 
     </span>
    </p>

    <p class='ocr_par' dir='ltr' id='par_1_47' title="bbox 923 292 1466 327">
     <span class='ocr_line' id='line_1_65' title="bbox 923 292 1466 327; baseline -0.004 0"><span class='ocrx_word' id='word_1_181' title='bbox 923 294 1071 327; x_wconf 69' lang='lat' dir='ltr'>incidam</span> <span class='ocrx_word' id='word_1_182' title='bbox 1096 303 1138 326; x_wconf 89' lang='lat' dir='ltr'>ne</span> <span class='ocrx_word' id='word_1_183' title='bbox 1163 293 1203 326; x_wconf 94' lang='lat' dir='ltr'>ob</span> <span class='ocrx_word' id='word_1_184' title='bbox 1229 302 1303 325; x_wconf 84' lang='lat' dir='ltr'>mea</span> <span class='ocrx_word' id='word_1_185' title='bbox 1328 292 1466 326; x_wconf 87' lang='lat' dir='ltr'>seelera.</span> 
     </span>
    </p>
   </div>
   <div class='ocr_carea' id='block_1_31' title="bbox 923 358 1470 554">
    <p class='ocr_par' dir='ltr' id='par_1_48' title="bbox 923 358 1470 501">
     <span class='ocr_line' id='line_1_66' title="bbox 925 358 1470 402; baseline -0.004 -8"><span class='ocrx_word' id='word_1_186' title='bbox 925 358 1017 395; x_wconf 84' lang='lat' dir='ltr'>Tuae</span> <span class='ocrx_word' id='word_1_187' title='bbox 1033 362 1142 402; x_wconf 86' lang='lat' dir='ltr'>precis</span> <span class='ocrx_word' id='word_1_188' title='bbox 1158 364 1290 402; x_wconf 83' lang='lat' dir='ltr'>praesta</span> <span class='ocrx_word' id='word_1_189' title='bbox 1304 360 1470 401; x_wconf 82' lang='lat' dir='ltr'>stipendia</span> 
     </span>
     <span class='ocr_line' id='line_1_67' title="bbox 925 409 1470 450; baseline -0.006 -7"><span class='ocrx_word' id='word_1_190' title='bbox 925 410 1132 443; x_wconf 84' lang='lat' dir='ltr'>Coneertanti</span> <span class='ocrx_word' id='word_1_191' title='bbox 1160 419 1232 442; x_wconf 88' lang='lat' dir='ltr'>eum</span> <span class='ocrx_word' id='word_1_192' title='bbox 1257 409 1470 450; x_wconf 80' lang='lat' dir='ltr'>adversariis⁷</span> 
     </span>
     <span class='ocr_line' id='line_1_68' title="bbox 923 458 1304 501; baseline 0 -10"><span class='ocrx_word' id='word_1_193' title='bbox 923 458 1072 492; x_wconf 88' lang='lat' dir='ltr'>Delinire</span> <span class='ocrx_word' id='word_1_194' title='bbox 1097 463 1134 491; x_wconf 91' lang='lat' dir='ltr'>ut</span> <span class='ocrx_word' id='word_1_195' title='bbox 1156 460 1304 501; x_wconf 82' lang='lat' dir='ltr'>patentia</span> 
     </span>
    </p>

    <p class='ocr_par' dir='ltr' id='par_1_49' title="bbox 923 505 1468 554">
     <span class='ocr_line' id='line_1_69' title="bbox 923 505 1468 554; baseline 0 -14"><span class='ocrx_word' id='word_1_196' title='bbox 923 508 1051 541; x_wconf 89' lang='lat' dir='ltr'>Possim</span> <span class='ocrx_word' id='word_1_197' title='bbox 1068 508 1157 548; x_wconf 85' lang='lat' dir='ltr'>ipsos</span> <span class='ocrx_word' id='word_1_198' title='bbox 1176 511 1274 554; x_wconf 76' lang='lat' dir='ltr'>atque</span> <span class='ocrx_word' id='word_1_199' title='bbox 1291 505 1468 548; x_wconf 79' lang='lat' dir='ltr'>obsequiis.</span> 
     </span>
    </p>
   </div>
   <div class='ocr_carea' id='block_1_32' title="bbox 923 572 1472 755">
    <p class='ocr_par' dir='ltr' id='par_1_50' title="bbox 923 572 1472 715">
     <span class='ocr_line' id='line_1_70' title="bbox 923 572 1472 616; baseline -0.004 -7"><span class='ocrx_word' id='word_1_200' title='bbox 923 572 1156 610; x_wconf 82' lang='lat' dir='ltr'>Errabundum</span> <span class='ocrx_word' id='word_1_201' title='bbox 1169 585 1230 616; x_wconf 83' lang='lat' dir='ltr'>per</span> <span class='ocrx_word' id='word_1_202' title='bbox 1244 577 1313 609; x_wconf 83' lang='lat' dir='ltr'>vias</span> <span class='ocrx_word' id='word_1_203' title='bbox 1326 576 1472 608; x_wconf 80' lang='lat' dir='ltr'>lubricas</span> 
     </span>
     <span class='ocr_line' id='line_1_71' title="bbox 924 625 1469 667; baseline -0.004 -9"><span class='ocrx_word' id='word_1_204' title='bbox 924 625 989 658; x_wconf 86' lang='lat' dir='ltr'>Per</span> <span class='ocrx_word' id='word_1_205' title='bbox 997 625 1135 667; x_wconf 85' lang='lat' dir='ltr'>legalem</span> <span class='ocrx_word' id='word_1_206' title='bbox 1142 625 1469 665; x_wconf 69' lang='lat' dir='ltr'>reducmesemitam7</span> 
     </span>
     <span class='ocr_line' id='line_1_72' title="bbox 923 673 1443 715; baseline -0.004 -8"><span class='ocrx_word' id='word_1_207' title='bbox 923 673 983 707; x_wconf 89' lang='lat' dir='ltr'>Uti</span> <span class='ocrx_word' id='word_1_208' title='bbox 1009 673 1139 707; x_wconf 89' lang='lat' dir='ltr'>Christo</span> <span class='ocrx_word' id='word_1_209' title='bbox 1163 673 1289 715; x_wconf 82' lang='lat' dir='ltr'>tibique</span> <span class='ocrx_word' id='word_1_210' title='bbox 1315 673 1443 706; x_wconf 84' lang='lat' dir='ltr'>debitas</span> 
     </span>
    </p>

    <p class='ocr_par' dir='ltr' id='par_1_51' title="bbox 923 721 1467 755">
     <span class='ocr_line' id='line_1_73' title="bbox 923 721 1467 755; baseline -0.004 0"><span class='ocrx_word' id='word_1_211' title='bbox 923 721 1055 755; x_wconf 85' lang='lat' dir='ltr'>Laudes</span> <span class='ocrx_word' id='word_1_212' title='bbox 1074 723 1172 755; x_wconf 87' lang='lat' dir='ltr'>corde</span> <span class='ocrx_word' id='word_1_213' title='bbox 1191 722 1308 755; x_wconf 83' lang='lat' dir='ltr'>devoto</span> <span class='ocrx_word' id='word_1_214' title='bbox 1322 722 1467 754; x_wconf 77' lang='lat' dir='ltr'>recitem.</span> 
     </span>
    </p>
   </div>
   <div class='ocr_carea' id='block_1_33' title="bbox 923 786 1471 1066">
    <p class='ocr_par' dir='ltr' id='par_1_52' title="bbox 923 786 1471 831">
     <span class='ocr_line' id='line_1_74' title="bbox 923 786 1471 831; baseline -0.002 -9"><span class='ocrx_word' id='word_1_215' title='bbox 923 786 1126 831; x_wconf 77' lang='lat' dir='ltr'>Protoplasti</span> <span class='ocrx_word' id='word_1_216' title='bbox 1151 799 1212 831; x_wconf 87' lang='lat' dir='ltr'>per</span> <span class='ocrx_word' id='word_1_217' title='bbox 1239 795 1270 822; x_wconf 90' lang='lat' dir='ltr'>te</span> <span class='ocrx_word' id='word_1_218' title='bbox 1293 789 1471 830; x_wconf 80' lang='lat' dir='ltr'>posteritas</span> 
     </span>
    </p>

    <p class='ocr_par' dir='ltr' id='par_1_53' title="bbox 924 837 1467 928">
     <span class='ocr_line' id='line_1_75' title="bbox 924 837 1467 878; baseline -0.002 -8"><span class='ocrx_word' id='word_1_219' title='bbox 924 838 987 870; x_wconf 73' lang='lat' dir='ltr'>Est</span> <span class='ocrx_word' id='word_1_220' title='bbox 1010 838 1148 871; x_wconf 80' lang='lat' dir='ltr'>reducta</span> <span class='ocrx_word' id='word_1_221' title='bbox 1163 839 1198 870; x_wconf 88' lang='lat' dir='ltr'>in</span> <span class='ocrx_word' id='word_1_222' title='bbox 1217 843 1337 871; x_wconf 88' lang='lat' dir='ltr'>statum</span> <span class='ocrx_word' id='word_1_223' title='bbox 1354 837 1467 878; x_wconf 84' lang='lat' dir='ltr'>pristi-</span> 
     </span>
     <span class='ocr_line' id='line_1_76' title="bbox 1234 895 1322 928; baseline 0 -9"><span class='ocrx_word' id='word_1_224' title='bbox 1234 895 1322 928; x_wconf 89' lang='lat' dir='ltr'>num,</span> 
     </span>
    </p>

    <p class='ocr_par' dir='ltr' id='par_1_54' title="bbox 923 934 1426 976">
     <span class='ocr_line' id='line_1_77' title="bbox 923 934 1426 976; baseline 0 -10"><span class='ocrx_word' id='word_1_225' title='bbox 923 934 1005 972; x_wconf 82' lang='lat' dir='ltr'>Tua,</span> <span class='ocrx_word' id='word_1_226' title='bbox 1031 934 1089 976; x_wconf 87' lang='lat' dir='ltr'>pia</span> <span class='ocrx_word' id='word_1_227' title='bbox 1111 935 1213 975; x_wconf 74' lang='lat' dir='ltr'>virgo,</span> <span class='ocrx_word' id='word_1_228' title='bbox 1241 935 1426 976; x_wconf 76' lang='lat' dir='ltr'>benignitas</span> 
     </span>
    </p>

    <p class='ocr_par' dir='ltr' id='par_1_55' title="bbox 925 982 1471 1066">
     <span class='ocr_line' id='line_1_78' title="bbox 925 982 1471 1016; baseline 0 -2"><span class='ocrx_word' id='word_1_229' title='bbox 925 982 1043 1016; x_wconf 67' lang='lat' dir='ltr'>Vincla</span> <span class='ocrx_word' id='word_1_230' title='bbox 1067 984 1174 1016; x_wconf 75' lang='lat' dir='ltr'>solvat</span> <span class='ocrx_word' id='word_1_231' title='bbox 1196 992 1342 1016; x_wconf 84' lang='lat' dir='ltr'>meorum</span> <span class='ocrx_word' id='word_1_232' title='bbox 1362 983 1471 1015; x_wconf 86' lang='lat' dir='ltr'>erimi-</span> 
     </span>
     <span class='ocr_line' id='line_1_79' title="bbox 1235 1041 1323 1066; baseline 0.023 -2"><span class='ocrx_word' id='word_1_233' title='bbox 1235 1041 1323 1066; x_wconf 85' lang='lat' dir='ltr'>num.</span> 
     </span>
    </p>
   </div>
   <div class='ocr_carea' id='block_1_34' title="bbox 924 1096 1473 1334">
    <p class='ocr_par' dir='ltr' id='par_1_56' title="bbox 924 1096 1473 1334">
     <span class='ocr_line' id='line_1_80' title="bbox 925 1096 1473 1140; baseline -0.004 -7"><span class='ocrx_word' id='word_1_234' title='bbox 925 1096 1128 1140; x_wconf 78' lang='lat' dir='ltr'>Reparatrix</span> <span class='ocrx_word' id='word_1_235' title='bbox 1154 1108 1246 1132; x_wconf 88' lang='lat' dir='ltr'>meae</span> <span class='ocrx_word' id='word_1_236' title='bbox 1269 1100 1314 1133; x_wconf 87' lang='lat' dir='ltr'>sis</span> <span class='ocrx_word' id='word_1_237' title='bbox 1332 1100 1473 1139; x_wconf 84' lang='lat' dir='ltr'>animae,</span> 
     </span>
     <span class='ocr_line' id='line_1_81' title="bbox 924 1148 1470 1189; baseline -0.005 -7"><span class='ocrx_word' id='word_1_238' title='bbox 924 1149 998 1182; x_wconf 81' lang='lat' dir='ltr'>Jam</span> <span class='ocrx_word' id='word_1_239' title='bbox 1024 1152 1210 1189; x_wconf 80' lang='lat' dir='ltr'>prostratae</span> <span class='ocrx_word' id='word_1_240' title='bbox 1236 1158 1276 1181; x_wconf 76' lang='lat' dir='ltr'>ex</span> <span class='ocrx_word' id='word_1_241' title='bbox 1300 1148 1396 1189; x_wconf 87' lang='lat' dir='ltr'>lapsu</span> <span class='ocrx_word' id='word_1_242' title='bbox 1412 1148 1470 1181; x_wconf 88' lang='lat' dir='ltr'>mi-</span> 
     </span>
     <span class='ocr_line' id='line_1_82' title="bbox 1237 1206 1322 1237; baseline 0 -8"><span class='ocrx_word' id='word_1_243' title='bbox 1237 1206 1322 1237; x_wconf 83' lang='lat' dir='ltr'>sero,</span> 
     </span>
     <span class='ocr_line' id='line_1_83' title="bbox 924 1245 1472 1286; baseline 0.002 -10"><span class='ocrx_word' id='word_1_244' title='bbox 924 1245 1125 1285; x_wconf 84' lang='lat' dir='ltr'>Reparatam</span> <span class='ocrx_word' id='word_1_245' title='bbox 1142 1245 1319 1277; x_wconf 86' lang='lat' dir='ltr'>clementer</span> <span class='ocrx_word' id='word_1_246' title='bbox 1333 1246 1472 1286; x_wconf 58' lang='lat' dir='ltr'>redime.</span> 
     </span>
     <span class='ocr_line' id='line_1_84' title="bbox 925 1293 1471 1334; baseline 0.002 -8"><span class='ocrx_word' id='word_1_247' title='bbox 925 1293 977 1326; x_wconf 77' lang='lat' dir='ltr'>Ne</span> <span class='ocrx_word' id='word_1_248' title='bbox 986 1302 1046 1334; x_wconf 89' lang='lat' dir='ltr'>per</span> <span class='ocrx_word' id='word_1_249' title='bbox 1055 1293 1185 1334; x_wconf 83' lang='lat' dir='ltr'>culpam</span> <span class='ocrx_word' id='word_1_250' title='bbox 1196 1294 1293 1326; x_wconf 83' lang='lat' dir='ltr'>eadat</span> <span class='ocrx_word' id='word_1_251' title='bbox 1301 1293 1342 1325; x_wconf 83' lang='lat' dir='ltr'>de</span> <span class='ocrx_word' id='word_1_252' title='bbox 1350 1297 1471 1328; x_wconf 81' lang='lat' dir='ltr'>cetero.</span> 
     </span>
    </p>
   </div>
   <div class='ocr_carea' id='block_1_35' title="bbox 926 1347 1475 1531">
    <p class='ocr_par' dir='ltr' id='par_1_57' title="bbox 926 1347 1475 1531">
     <span class='ocr_line' id='line_1_85' title="bbox 931 1347 1425 1385; baseline 0.002 -2"><span class='ocrx_word' id='word_1_253' title='bbox 931 1347 1142 1384; x_wconf 80' lang='lat' dir='ltr'>Orthodoxae</span> <span class='ocrx_word' id='word_1_254' title='bbox 1166 1360 1321 1384; x_wconf 82' lang='lat' dir='ltr'>succurre</span> <span class='ocrx_word' id='word_1_255' title='bbox 1345 1350 1425 1385; x_wconf 85' lang='lat' dir='ltr'>fidei</span> 
     </span>
     <span class='ocr_line' id='line_1_86' title="bbox 926 1398 1372 1441; baseline 0.002 -10"><span class='ocrx_word' id='word_1_256' title='bbox 926 1399 1106 1432; x_wconf 82' lang='lat' dir='ltr'>Laboranti</span> <span class='ocrx_word' id='word_1_257' title='bbox 1131 1401 1165 1432; x_wconf 94' lang='lat' dir='ltr'>in</span> <span class='ocrx_word' id='word_1_258' title='bbox 1192 1401 1258 1432; x_wconf 92' lang='lat' dir='ltr'>suis</span> <span class='ocrx_word' id='word_1_259' title='bbox 1283 1398 1372 1441; x_wconf 84' lang='lat' dir='ltr'>filiis,</span> 
     </span>
     <span class='ocr_line' id='line_1_87' title="bbox 928 1448 1475 1490; baseline 0.002 -10"><span class='ocrx_word' id='word_1_260' title='bbox 928 1450 1013 1487; x_wconf 67' lang='lat' dir='ltr'>Quos</span> <span class='ocrx_word' id='word_1_261' title='bbox 1027 1448 1195 1488; x_wconf 78' lang='lat' dir='ltr'>culparum</span> <span class='ocrx_word' id='word_1_262' title='bbox 1207 1452 1356 1490; x_wconf 84' lang='lat' dir='ltr'>pungunt</span> <span class='ocrx_word' id='word_1_263' title='bbox 1368 1449 1475 1481; x_wconf 79' lang='lat' dir='ltr'>aculei</span> 
     </span>
     <span class='ocr_line' id='line_1_88' title="bbox 926 1495 1472 1531; baseline 0.005 -3"><span class='ocrx_word' id='word_1_264' title='bbox 926 1497 998 1529; x_wconf 84' lang='lat' dir='ltr'>Nee</span> <span class='ocrx_word' id='word_1_265' title='bbox 1022 1505 1086 1529; x_wconf 88' lang='lat' dir='ltr'>non</span> <span class='ocrx_word' id='word_1_266' title='bbox 1105 1497 1214 1529; x_wconf 85' lang='lat' dir='ltr'>hostes</span> <span class='ocrx_word' id='word_1_267' title='bbox 1233 1498 1300 1530; x_wconf 85' lang='lat' dir='ltr'>suis</span> <span class='ocrx_word' id='word_1_268' title='bbox 1319 1495 1472 1531; x_wconf 86' lang='lat' dir='ltr'>fallaciis.</span> 
     </span>
    </p>
   </div>
   <div class='ocr_carea' id='block_1_36' title="bbox 927 1551 1477 1790">
    <p class='ocr_par' dir='ltr' id='par_1_58' title="bbox 929 1551 1477 1648">
     <span class='ocr_line' id='line_1_89' title="bbox 929 1551 1477 1588; baseline -0.002 0"><span class='ocrx_word' id='word_1_269' title='bbox 929 1551 1081 1588; x_wconf 75' lang='lat' dir='ltr'>Thronus</span> <span class='ocrx_word' id='word_1_270' title='bbox 1120 1554 1244 1588; x_wconf 84' lang='lat' dir='ltr'>Christi</span> <span class='ocrx_word' id='word_1_271' title='bbox 1286 1557 1477 1588; x_wconf 75' lang='lat' dir='ltr'>constratus</span> 
     </span>
     <span class='ocr_line' id='line_1_90' title="bbox 1243 1604 1372 1648; baseline 0 -12"><span class='ocrx_word' id='word_1_272' title='bbox 1243 1604 1372 1648; x_wconf 80' lang='lat' dir='ltr'>diceris,</span> 
     </span>
    </p>

    <p class='ocr_par' dir='ltr' id='par_1_59' title="bbox 929 1650 1357 1694">
     <span class='ocr_line' id='line_1_91' title="bbox 929 1650 1357 1694; baseline 0.005 -11"><span class='ocrx_word' id='word_1_273' title='bbox 929 1650 1073 1684; x_wconf 86' lang='lat' dir='ltr'>Caritate</span> <span class='ocrx_word' id='word_1_274' title='bbox 1100 1652 1212 1684; x_wconf 78' lang='lat' dir='ltr'>divina</span> <span class='ocrx_word' id='word_1_275' title='bbox 1238 1652 1357 1694; x_wconf 80' lang='lat' dir='ltr'>media,</span> 
     </span>
    </p>

    <p class='ocr_par' dir='ltr' id='par_1_60' title="bbox 927 1697 1464 1734">
     <span class='ocr_line' id='line_1_92' title="bbox 927 1697 1464 1734; baseline 0 -2"><span class='ocrx_word' id='word_1_276' title='bbox 927 1699 1012 1732; x_wconf 77' lang='lat' dir='ltr'>Mihi</span> <span class='ocrx_word' id='word_1_277' title='bbox 1039 1697 1136 1732; x_wconf 85' lang='lat' dir='ltr'>foedo</span> <span class='ocrx_word' id='word_1_278' title='bbox 1164 1702 1271 1733; x_wconf 84' lang='lat' dir='ltr'>carnis</span> <span class='ocrx_word' id='word_1_279' title='bbox 1295 1701 1464 1734; x_wconf 84' lang='lat' dir='ltr'>illecebris</span> 
     </span>
    </p>

    <p class='ocr_par' dir='ltr' id='par_1_61' title="bbox 929 1748 1458 1790">
     <span class='ocr_line' id='line_1_93' title="bbox 929 1748 1458 1790; baseline 0.004 -9"><span class='ocrx_word' id='word_1_280' title='bbox 929 1748 1117 1781; x_wconf 74' lang='lat' dir='ltr'>Gratiarum</span> <span class='ocrx_word' id='word_1_281' title='bbox 1141 1753 1276 1790; x_wconf 82' lang='lat' dir='ltr'>praesta</span> <span class='ocrx_word' id='word_1_282' title='bbox 1301 1750 1458 1784; x_wconf 80' lang='lat' dir='ltr'>remedia.</span> 
     </span>
    </p>
   </div>
   <div class='ocr_carea' id='block_1_37' title="bbox 927 1803 1476 1988">
    <p class='ocr_par' dir='ltr' id='par_1_62' title="bbox 927 1803 1476 1988">
     <span class='ocr_line' id='line_1_94' title="bbox 928 1803 1450 1849; baseline 0 -9"><span class='ocrx_word' id='word_1_283' title='bbox 928 1803 1107 1840; x_wconf 76' lang='lat' dir='ltr'>Exorando</span> <span class='ocrx_word' id='word_1_284' title='bbox 1131 1811 1166 1839; x_wconf 87' lang='lat' dir='ltr'>te</span> <span class='ocrx_word' id='word_1_285' title='bbox 1190 1809 1331 1849; x_wconf 76' lang='lat' dir='ltr'>supplex</span> <span class='ocrx_word' id='word_1_286' title='bbox 1356 1809 1450 1849; x_wconf 77' lang='lat' dir='ltr'>adeo,</span> 
     </span>
     <span class='ocr_line' id='line_1_95' title="bbox 927 1856 1457 1898; baseline 0.004 -11"><span class='ocrx_word' id='word_1_287' title='bbox 927 1856 990 1888; x_wconf 85' lang='lat' dir='ltr'>Pia</span> <span class='ocrx_word' id='word_1_288' title='bbox 1013 1859 1118 1888; x_wconf 85' lang='lat' dir='ltr'>mater</span> <span class='ocrx_word' id='word_1_289' title='bbox 1144 1856 1289 1897; x_wconf 88' lang='lat' dir='ltr'>coelique</span> <span class='ocrx_word' id='word_1_290' title='bbox 1316 1857 1457 1898; x_wconf 87' lang='lat' dir='ltr'>domina,</span> 
     </span>
     <span class='ocr_line' id='line_1_96' title="bbox 930 1904 1383 1939; baseline 0 -1"><span class='ocrx_word' id='word_1_291' title='bbox 930 1904 1083 1938; x_wconf 84' lang='lat' dir='ltr'>Caritatis</span> <span class='ocrx_word' id='word_1_292' title='bbox 1108 1908 1145 1937; x_wconf 83' lang='lat' dir='ltr'>ut</span> <span class='ocrx_word' id='word_1_293' title='bbox 1169 1905 1240 1937; x_wconf 86' lang='lat' dir='ltr'>sine</span> <span class='ocrx_word' id='word_1_294' title='bbox 1264 1906 1383 1939; x_wconf 87' lang='lat' dir='ltr'>malleo</span> 
     </span>
     <span class='ocr_line' id='line_1_97' title="bbox 927 1953 1476 1988; baseline 0.005 -3"><span class='ocrx_word' id='word_1_295' title='bbox 927 1953 1006 1986; x_wconf 78' lang='lat' dir='ltr'>Mea</span> <span class='ocrx_word' id='word_1_296' title='bbox 1015 1957 1131 1986; x_wconf 80' lang='lat' dir='ltr'>cuncta</span> <span class='ocrx_word' id='word_1_297' title='bbox 1141 1955 1321 1987; x_wconf 80' lang='lat' dir='ltr'>contundas</span> <span class='ocrx_word' id='word_1_298' title='bbox 1328 1955 1476 1988; x_wconf 82' lang='lat' dir='ltr'>crimina.</span> 
     </span>
    </p>
   </div>
   <div class='ocr_carea' id='block_1_38' title="bbox 929 2008 1477 2398">
    <p class='ocr_par' dir='ltr' id='par_1_63' title="bbox 929 2008 1477 2398">
     <span class='ocr_line' id='line_1_98' title="bbox 933 2008 1437 2053; baseline 0 -7"><span class='ocrx_word' id='word_1_299' title='bbox 933 2008 1118 2049; x_wconf 73' lang='lat' dir='ltr'>Gratulare,</span> <span class='ocrx_word' id='word_1_300' title='bbox 1145 2016 1251 2045; x_wconf 86' lang='lat' dir='ltr'>mater</span> <span class='ocrx_word' id='word_1_301' title='bbox 1276 2013 1437 2053; x_wconf 86' lang='lat' dir='ltr'>amabilis,</span> 
     </span>
     <span class='ocr_line' id='line_1_99' title="bbox 929 2061 1474 2103; baseline 0.002 -10"><span class='ocrx_word' id='word_1_302' title='bbox 929 2061 1134 2102; x_wconf 81' lang='lat' dir='ltr'>Principaris</span> <span class='ocrx_word' id='word_1_303' title='bbox 1148 2070 1231 2102; x_wconf 85' lang='lat' dir='ltr'>quae</span> <span class='ocrx_word' id='word_1_304' title='bbox 1245 2061 1328 2095; x_wconf 84' lang='lat' dir='ltr'>coeli</span> <span class='ocrx_word' id='word_1_305' title='bbox 1338 2062 1474 2103; x_wconf 77' lang='lat' dir='ltr'>civibus,</span> 
     </span>
     <span class='ocr_line' id='line_1_100' title="bbox 932 2109 1386 2143; baseline -0.002 0"><span class='ocrx_word' id='word_1_306' title='bbox 932 2109 1088 2143; x_wconf 85' lang='lat' dir='ltr'>Caritatis</span> <span class='ocrx_word' id='word_1_307' title='bbox 1114 2110 1223 2143; x_wconf 87' lang='lat' dir='ltr'>aduna</span> <span class='ocrx_word' id='word_1_308' title='bbox 1247 2110 1386 2143; x_wconf 75' lang='lat' dir='ltr'>vinculis</span> 
     </span>
     <span class='ocr_line' id='line_1_101' title="bbox 931 2156 1429 2193; baseline 0.002 -2"><span class='ocrx_word' id='word_1_309' title='bbox 931 2158 1087 2191; x_wconf 89' lang='lat' dir='ltr'>Odiorum</span> <span class='ocrx_word' id='word_1_310' title='bbox 1113 2166 1266 2191; x_wconf 83' lang='lat' dir='ltr'>accensos</span> <span class='ocrx_word' id='word_1_311' title='bbox 1292 2156 1429 2193; x_wconf 79' lang='lat' dir='ltr'>facibus,</span> 
     </span>
     <span class='ocr_line' id='line_1_102' title="bbox 932 2211 1452 2257; baseline 0.002 -9"><span class='ocrx_word' id='word_1_312' title='bbox 932 2211 986 2251; x_wconf 78' lang='lat' dir='ltr'>Ex</span> <span class='ocrx_word' id='word_1_313' title='bbox 1013 2216 1173 2257; x_wconf 85' lang='lat' dir='ltr'>condigno</span> <span class='ocrx_word' id='word_1_314' title='bbox 1199 2220 1232 2248; x_wconf 90' lang='lat' dir='ltr'>te</span> <span class='ocrx_word' id='word_1_315' title='bbox 1257 2216 1320 2249; x_wconf 86' lang='lat' dir='ltr'>viri</span> <span class='ocrx_word' id='word_1_316' title='bbox 1344 2217 1452 2249; x_wconf 82' lang='lat' dir='ltr'>incliti</span> 
     </span>
     <span class='ocr_line' id='line_1_103' title="bbox 931 2264 1459 2306; baseline 0.004 -10"><span class='ocrx_word' id='word_1_317' title='bbox 931 2264 1137 2297; x_wconf 84' lang='lat' dir='ltr'>Venerantur</span> <span class='ocrx_word' id='word_1_318' title='bbox 1162 2264 1245 2297; x_wconf 85' lang='lat' dir='ltr'>miro</span> <span class='ocrx_word' id='word_1_319' title='bbox 1271 2267 1459 2306; x_wconf 83' lang='lat' dir='ltr'>praeconio,</span> 
     </span>
     <span class='ocr_line' id='line_1_104' title="bbox 931 2312 1468 2348; baseline 0.004 -3"><span class='ocrx_word' id='word_1_320' title='bbox 931 2312 1069 2347; x_wconf 83' lang='lat' dir='ltr'>Servum</span> <span class='ocrx_word' id='word_1_321' title='bbox 1095 2317 1185 2346; x_wconf 84' lang='lat' dir='ltr'>tuum</span> <span class='ocrx_word' id='word_1_322' title='bbox 1211 2314 1332 2347; x_wconf 87' lang='lat' dir='ltr'>nullius</span> <span class='ocrx_word' id='word_1_323' title='bbox 1356 2315 1468 2348; x_wconf 83' lang='lat' dir='ltr'>meriti</span> 
     </span>
     <span class='ocr_line' id='line_1_105' title="bbox 932 2361 1477 2398; baseline 0.009 -5"><span class='ocrx_word' id='word_1_324' title='bbox 932 2361 985 2394; x_wconf 83' lang='lat' dir='ltr'>Ab</span> <span class='ocrx_word' id='word_1_325' title='bbox 1015 2362 1155 2395; x_wconf 84' lang='lat' dir='ltr'>aeternis</span> <span class='ocrx_word' id='word_1_326' title='bbox 1181 2371 1279 2396; x_wconf 87' lang='lat' dir='ltr'>serva</span> <span class='ocrx_word' id='word_1_327' title='bbox 1301 2363 1477 2398; x_wconf 81' lang='lat' dir='ltr'>incendiis.</span> 
     </span>
    </p>
   </div>
  </div>
 </body>
</html>
