1656 2674
275 192 371 232 Quod
396 194 498 226 menti
524 192 670 226 conferat

330 242 393 274 cito
419 242 609 283 remedium,

279 289 368 330 Quae
393 291 489 324 modo
515 291 675 331 premitur

327 347 427 380 grave
452 349 513 380 per
538 339 691 373 taedium.

193 396 252 430 10.
279 393 408 431 Karum
435 397 642 430 credentibus

326 455 456 490 manna,
484 455 538 479 ros
565 446 696 489 coelice,

279 493 349 526 Das
377 495 506 534 quando
532 503 668 536 generas

329 542 492 576 Christum
518 542 665 583 mirifice,

276 591 356 633 Quo,
385 591 489 624 dulcis
517 591 658 631 domina,

326 648 457 680 quaeso,
483 648 536 672 me
560 638 667 679 refice,

280 687 360 720 Cum
385 688 473 720 vitae
497 688 671 720 terminum

337 737 505 777 complebo
530 736 686 768 lubricae.

188 794 247 830 11.
274 790 369 828 Luna
394 793 453 826 sub
479 793 619 834 pedibus

327 843 391 875 tuis
417 843 647 883 prosternitur,

278 891 346 931 Quo
373 890 578 931 apertissime

322 939 408 973 illud
433 940 571 982 elicitur,

274 989 340 1022 Per
365 993 399 1021 te
423 986 560 1020 inferior

326 1036 413 1077 quod
438 1036 577 1068 mundus
604 1034 779 1077 spernitur,

277 1085 433 1125 Coelique
459 1083 592 1116 claritas

324 1132 464 1174 pulchra
489 1131 628 1173 eligitur.

191 1191 250 1226 12.
276 1187 377 1226 Modo
403 1189 588 1230 tripudians

322 1239 415 1281 virgo
440 1238 475 1270 in
498 1237 642 1279 aethere,

272 1287 396 1321 Dilecti
420 1285 482 1319 filii

323 1337 497 1377 conjuncta
523 1334 687 1375 dexterae,

272 1385 311 1418 In
336 1385 424 1417 vitae
447 1383 585 1416 termino

321 1434 435 1466 adesto
459 1439 610 1473 propere,

271 1481 341 1515 Nos
366 1484 474 1514 tecum
500 1477 623 1512 faciens

322 1531 429 1563 coelos
455 1529 643 1562 oscendere.

184 1589 242 1625 13.
270 1585 337 1623 Nos
363 1587 433 1621 illic
453 1588 569 1621 ultima

319 1637 437 1670 saltem
461 1637 497 1669 in
522 1635 593 1668 acie

272 1686 384 1720 Electi
407 1684 469 1717 filii

316 1734 464 1775 jucunda
489 1732 575 1766 facie

269 1783 341 1817 Fac
365 1786 420 1815 tuo
446 1780 574 1823 perfrui

319 1833 458 1873 precatu
482 1830 575 1874 satie,

273 1880 342 1921 Qua
368 1888 445 1914 vere
471 1877 636 1912 confluunt

322 1937 434 1962 omnes
461 1927 607 1961 deliciae.

184 1988 243 2022 14.
274 1984 299 2023 Ο
325 1991 431 2021 mater
454 1986 569 2019 inclita

320 2035 454 2078 superni
479 2034 630 2076 numinis,

271 2086 423 2119 Illustres
448 2083 556 2116 intimi

319 2133 481 2168 medullas
507 2132 657 2173 hominis,

268 2184 339 2218 Mei
364 2182 524 2217 solamine

319 2233 368 2266 tui
392 2230 590 2275 precaminis

268 2282 321 2317 Ab
350 2291 388 2315 eo
416 2280 584 2314 dimovens

320 2331 479 2365 foetorem
507 2329 662 2363 criminis.

183 2390 239 2425 15.
268 2388 432 2425 Pei-flatus
458 2378 565 2430 gratia

317 2439 433 2473 hortus
462 2437 671 2479 describeris,

834 94 904 131 133
956 116 1002 120 —

983 194 1141 227 Fructum
1166 192 1339 227 mirificum

1031 251 1113 284 quae
1138 242 1276 283 praebes
1302 242 1440 284 superiS,

981 291 1086 324 Nobis
1112 291 1289 324 remedium

1029 339 1083 381 qui
1111 340 1209 372 donet
1233 339 1371 380 miseris,

978 388 1024 421 Et
1049 388 1231 429 purgatorii

1028 436 1146 470 vinctis
1171 437 1206 469 in
1230 435 1384 469 tenebris.

895 499 952 533 16.
981 496 1068 538 Quos
1096 507 1166 531 cum
1193 498 1368 532 absolverit

1028 556 1087 580 sua
1113 556 1152 579 ex
1178 547 1293 588 gratia,

980 595 1031 628 Ab
1059 595 1147 629 omni
1171 594 1342 636 perferunt

1029 652 1124 685 quam
1150 652 1236 676 nunc
1260 643 1401 685 miseria,

980 693 1166 727 Clementer
1191 692 1352 725 subvehas

1026 742 1061 773 in
1086 741 1169 773 coeli
1194 741 1324 782 gaudia,

978 790 1043 822 Per
1068 789 1177 821 saecla
1205 788 1346 829 jubilent

1025 837 1083 870 ubi
1107 837 1274 877 perennia.

896 901 950 935 17.
978 897 1071 942 Rogo
1099 898 1247 932 devotius

1026 952 1061 981 te
1084 950 1221 980 matrem
1247 947 1382 990 gratiae,

967 996 1025 1030 Uti
1053 996 1241 1029 clementius

1028 1053 1198 1077 succurras
1224 1044 1322 1077 hodie

977 1093 1031 1125 Ex
1056 1101 1129 1125 mea
1153 1101 1289 1132 corpore

1023 1140 1110 1173 natis
1135 1141 1301 1184 progenie,

975 1190 1107 1222 Poenae
1132 1189 1319 1221 excruciant

1026 1246 1105 1278 quos
1131 1237 1350 1277 purgatoriae.

892 1297 950 1330 18.
978 1292 1131 1330 Solamen
1157 1295 1269 1336 gaudii

1024 1345 1157 1384 praesta
1182 1342 1395 1386 gementibus,

976 1392 1163 1432 Panemque
1190 1392 1345 1424 coelicum

1027 1440 1252 1484 esurientibus,

981 1488 1050 1522 Nos
1076 1491 1161 1521 tutes
1188 1489 1301 1522 sedulo

1026 1548 1045 1570 a
1070 1537 1351 1581 persequentibus

977 1586 1047 1619 Hos
1074 1588 1189 1628 procul
1215 1586 1348 1627 abigens

1029 1644 1102 1668 cum
1126 1636 1193 1668 suis
1219 1634 1402 1670 fraudibus.

895 1694 952 1728 19.
980 1690 1032 1728 Tu
1056 1693 1249 1726 invincibile

1031 1751 1066 1774 es
1090 1741 1176 1774 illud
1201 1742 1369 1785 oppidum,

981 1790 1049 1830 Quo
1078 1789 1225 1823 Christus
1251 1790 1361 1831 posuit

1027 1848 1120 1872 suum
1145 1839 1314 1879 palatium,

983 1887 1063 1921 Cum
1088 1886 1178 1920 ferre
1202 1888 1304 1920 voluit

1026 1936 1141 1969 mundi
1167 1936 1318 1969 exsilium

980 1985 1090 2027 Atque
1114 1985 1260 2018 tribuere

1027 2035 1093 2067 suis
1120 2034 1285 2068 auxilium.

892 2094 951 2129 20.
977 2089 1085 2134 Virga
1107 2091 1257 2125 Mosaica

1027 2150 1118 2174 mare
1143 2149 1225 2183 quae
1252 2141 1413 2184 dividens,

977 2190 1133 2232 Mergens
1159 2190 1350 2232 Aegyptios,

1015 2238 1131 2273 fideles
1159 2248 1284 2281 eruens,

984 2288 1033 2323 Ob
1060 2289 1149 2322 sitim
1174 2289 1286 2332 populi

1028 2341 1156 2380 petram
1181 2338 1378 2382 percutiens,

978 2388 1064 2421 Potu
1091 2386 1205 2421 deifico

1027 2437 1073 2470 sis
1098 2446 1158 2470 nos
1182 2435 1344 2470 reficiens.
