1656 2674
228 199 285 233 53.

231 405 288 438 54.

234 609 290 641 55.

234 899 291 932 56.

235 1150 291 1183 57.

234 1353 290 1386 58.

233 1556 290 1590 59.

238 1760 295 1793 60.

232 1966 290 1999 61.

231 2221 287 2254 62.

315 195 516 239 Impetentes
541 208 593 232 me
617 210 726 233 morsu
745 201 857 241 cynico

318 247 475 281 Tolerare
501 247 555 281 fac
578 258 631 281 me
655 249 832 293 humiliter,

314 295 360 329 Ut
371 297 419 329 sie
427 306 526 339 regno
533 298 595 329 sim
601 298 717 339 dignus
724 298 855 339 coelico,

313 344 382 377 Ubi
406 349 513 378 tecum
537 346 642 379 laeter
660 347 857 387 perenniter.

316 399 383 438 Nos
411 404 556 445 direptos
581 404 622 436 ab
648 405 847 437 adversariis

317 451 481 484 Libertati
506 455 638 485 nostrae
663 453 810 493 restitue,

315 500 361 532 Et
386 510 406 533 a
427 501 552 533 cunctis
578 501 712 534 absolve
736 502 837 543 vitiis,

314 548 368 582 Ne
382 549 552 582 tradamur
565 550 859 591 mortiperpetuae.

318 603 424 647 Hujus
450 607 533 640 odae
558 607 821 651 oblatiunculam,

316 655 415 696 Virgo
429 656 583 699 prudens,
600 656 775 688 clementer
789 666 859 689 sus-

631 705 713 745 cipe,

318 751 362 784 Et
386 753 505 784 amoris
529 752 594 783 mei
617 752 703 785 hano
720 751 861 786 faculam

317 799 434 832 Coram
443 809 566 833 summo
575 801 764 834 commenda
770 802 859 843 prin—

630 851 714 891 cipe.

320 897 393 930 Uda
413 898 478 929 ista
503 906 585 939 quae
611 898 755 931 oratoria

318 946 350 979 A
376 949 409 977 te
433 946 527 986 petit,
552 952 685 986 praesta
701 947 861 987 hilariter,

316 994 361 1027 Et
389 993 552 1026 defunctis
579 993 630 1027 fer
654 996 830 1036 adjutoria.

294 1065 297 1068 .
318 1042 378 1081 Qui
392 1043 560 1075 tormentis
575 1047 767 1084 torquentur
777 1044 861 1076 aeri-

626 1096 688 1126 ter.

318 1144 549 1183 Restauratrix
559 1157 720 1189 supernae
724 1150 862 1189 patriae,

317 1196 449 1229 Ventris
475 1197 522 1229 tui
547 1195 656 1229 fructu
681 1198 824 1238 virgineo

318 1244 403 1278 Mihi
429 1245 536 1277 lumen
562 1244 700 1278 infunde
725 1246 851 1287 gratiae

317 1293 498 1327 Recedenti
523 1302 543 1325 a
567 1293 636 1326 luto
663 1303 790 1327 carne0.

317 1349 350 1387 A
375 1352 504 1392 peccati
529 1360 639 1384 serves
664 1352 819 1392 voragine

317 1400 441 1434 Laudis
467 1404 543 1433 tuae
568 1402 674 1433 fantes
701 1400 856 1441 obsequia

317 1448 546 1489 Mundialique
573 1458 668 1481 eursu
695 1448 827 1482 turbiue

317 1497 373 1530 Au
403 1501 539 1530 aeterna
563 1498 626 1529 due
652 1507 707 1530 eos
733 1497 862 1538 gaudia.

318 1551 372 1589 Me
384 1556 470 1588 hane
483 1555 579 1588 odam
594 1565 708 1589 vocum
717 1556 864 1588 suavium

318 1604 551 1645 Hymnientem
581 1614 600 1637 a
625 1606 721 1637 malis
746 1604 861 1647 libera,

317 1652 363 1686 Et
378 1661 433 1685 cor
442 1662 546 1686 meum
558 1662 706 1687 moerore
715 1653 863 1686 tabidum

320 1700 550 1735 Consolatione
577 1702 734 1735 exhilara.

325 1758 425 1793 Ortus
451 1763 486 1792 tu
511 1768 546 1792 es
564 1761 646 1793 mire
663 1759 865 1793 fructificans

316 1807 530 1842 Diversaram
542 1809 696 1841 virtutum
707 1810 864 1851 germina,

318 1856 370 1890 Sis
391 1857 494 1891 odore
511 1859 626 1891 horum
645 1858 865 1891 exterminans

316 1907 349 1939 A
360 1915 413 1938 me
425 1907 523 1948 hujus
537 1907 651 1940 mundi
666 1907 864 1940 discrimina.

316 1961 457 2000 Reetrix
490 1966 630 1998 clemens
666 1967 789 1999 certum
813 1974 865 1998 re-

630 2014 754 2056 fugium

316 2063 368 2096 Ac
393 2063 493 2096 totius
516 2063 624 2105 plebis
651 2064 819 2105 ecelesiae,

317 2111 402 2146 Mihi
428 2113 473 2145 sis
499 2113 534 2145 in
559 2111 625 2145 fine
649 2112 861 2154 praesidium,

315 2161 373 2195 Me
392 2160 573 2195 defendens
587 2161 627 2194 ab
642 2161 745 2195 hostis
759 2162 861 2197 rabie.

317 2217 366 2255 Te
379 2220 545 2254 laudantis
557 2221 676 2254 mentis
689 2219 863 2254 confinium

315 2269 427 2312 Placa,
454 2270 542 2312 quod
566 2279 628 2311 per
654 2271 768 2311 culpas
787 2279 861 2303 con-

629 2318 790 2360 funditur,

864 100 909 138 59

1015 201 1142 241 Nempe
1159 205 1249 233 tuum
1266 209 1327 242 per
1340 200 1557 241 patrocinium

1015 250 1115 283 Omne
1140 251 1262 283 malum
1287 248 1386 281 facile
1410 250 1555 290 pellitur.

931 319 987 353 63.
1013 315 1151 353 Illibata
1174 322 1279 350 mater
1304 318 1463 361 altissimi,

933 629 989 662 64.

935 939 991 971 65.

936 1151 992 1184 66.

937 1364 992 1396 67.

937 1615 993 1649 68.

938 1869 994 1902 69.

940 2124 996 2157 70.

1018 367 1153 408 Semper
1188 368 1292 399 cernis
1327 375 1422 408 quem
1456 365 1557 399 faeia-

1325 415 1411 456 liter,

1015 464 1072 496 Me
1106 463 1147 496 ab
1177 464 1271 496 hoste
1296 472 1360 495 non
1386 464 1473 495 sinas
1501 462 1557 495 de-

1325 512 1433 555 primi,

1016 560 1068 593 Ne
1095 560 1291 593 condemner
1311 559 1556 601 perpetualiter.

1018 626 1115 662 Scala
1131 627 1232 661 Jacob
1259 632 1295 660 tu
1313 636 1357 662 es.
1385 636 1466 668 quae
1482 626 1557 658 sub-

1326 676 1418 708 vehis

1017 725 1072 757 Ad
1097 733 1239 765 superna
1258 724 1404 758 beandas
1421 724 1556 764 animas,

1016 773 1073 806 Me
1100 772 1239 805 defende
1265 783 1285 806 a
1310 772 1486 805 subitaneis

1018 822 1118 854 Malis
1152 821 1317 863 hostisque
1349 819 1481 853 fraudes
1507 829 1558 852 re-

1326 870 1458 909 primas.

1017 934 1129 979 firgo,
1158 935 1249 980 eujus
1276 940 1309 969 et
1333 936 1396 968 Dei
1420 935 1507 969 filius

1017 986 1183 1019 IdoIorum
1210 984 1307 1026 fregit
1334 985 1518 1023 simulacra,

1018 1034 1137 1066 Mundi
1163 1033 1258 1074 huJ'us
1284 1034 1318 1065 in
1343 1032 1559 1073 potestatibus

1019 1081 1210 1115 constitutis
1233 1082 1386 1122 juvamen
1411 1082 1560 1122 impetra.

1021 1148 1125 1182 Serva
1149 1150 1213 1181 tuis
1240 1149 1440 1182 orationibus

1019 1197 1223 1238 Sempiterno
1248 1206 1301 1230 me
1326 1197 1366 1229 ab
1392 1198 1536 1231 interitu.

1018 1246 1063 1279 Ut
1083 1246 1264 1278 collaudem
1281 1247 1314 1277 in
1336 1246 1416 1278 coeli
1435 1245 1560 1278 foribus

1016 1294 1214 1336 Angelorum
1241 1298 1275 1327 te
1301 1302 1373 1325 oum
1399 1294 1552 1326 exercitu.

1022 1360 1137 1397 Cordis
1163 1363 1227 1394 mei
1252 1370 1337 1403 paea
1363 1361 1546 1402 confinium,

1021 1411 1112 1452 Quod
1126 1419 1187 1451 per
1202 1411 1375 1443 criminosa
1385 1410 1561 1450 deluditur,

1020 1460 1123 1492 Tuum
1159 1469 1296 1500 namque
1331 1468 1391 1499 per
1420 1458 1563 1499 patroci-

1330 1508 1421 1539 nium

1021 1557 1206 1589 Poenitenti
1232 1556 1339 1598 gratia
1363 1556 1524 1589 redditur.

1022 1612 1116 1650 Istud
1131 1623 1272 1658 carmen,
1287 1623 1305 1647 o
1315 1618 1420 1646 mater
1429 1614 1564 1655 gratiae,

1020 1663 1157 1697 Pietatis
1185 1672 1299 1696 cernas
1324 1663 1455 1702 intuitu,

1023 1712 1116 1752 Quod
1140 1713 1268 1745 cantavi
1287 1712 1329 1745 ad
1346 1712 1478 1745 laudem
1496 1713 1564 1752 glo-

1334 1761 1403 1792 riae

1023 1809 1112 1842 Tuae
1139 1809 1246 1842 cordis
1272 1809 1337 1841 mei
1363 1818 1402 1844 ex
1427 1809 1533 1843 libitu.

1021 1865 1142 1902 Portus
1155 1868 1273 1901 mentis
1286 1872 1321 1900 tu
1331 1876 1364 1899 es
1373 1865 1568 1909 fluctivagae

1023 1917 1215 1950 Passionum
1232 1917 1387 1949 sectantis
1399 1917 1567 1958 impetum,

1022 1966 1080 1999 Me
1105 1974 1254 1998 erronem
1280 1965 1323 1999 ad
1349 1965 1434 1998 viam
1454 1966 1568 2007 dirige,

1024 2017 1088 2048 Cor
1123 2013 1313 2047 refraenans
1340 2023 1446 2047 meum
1472 2015 1566 2048 indo-

1333 2064 1462 2099 mitum.

1024 2118 1090 2163 Eja
1115 2122 1308 2155 humilitatis
1333 2122 1433 2163 viola,

1025 2171 1120 2205 Omni
1145 2169 1225 2203 flatu
1253 2180 1367 2204 carens
1384 2171 1568 2214 superbiae,

1022 2220 1093 2264 Da,
1133 2223 1170 2252 ut
1201 2220 1307 2253 Deum
1345 2220 1476 2254 laudem
1509 2230 1570 2262 per

1334 2271 1464 2303 saecula

1024 2318 1570 2361 Tecumsemperinregnogloriae.

298 2397 369 2427 cod.
382 2396 412 2426 S.
423 2397 507 2426 Petri
518 2396 724 2435 Salisburgen.
736 2397 764 2425 b.
775 2397 844 2425 VH.
858 2396 892 2427 10
906 2405 929 2425 s.
942 2394 978 2424 15
987 2396 1006 2424 f.
1021 2394 1079 2425 210
1092 2405 1118 2424 a.
1129 2396 1164 2424 A.
1176 2412 1214 2417 —-
1230 2396 1312 2425 Orat.
1322 2405 1376 2424 ms.
1388 2397 1573 2434 Tegurinum

217 2446 295 2466 saec.
318 2434 364 2466 15.
387 2436 462 2465 Clm.
483 2438 658 2467 Monaeens.
682 2434 791 2466 19353.
812 2437 864 2465 fol.
888 2433 944 2466 153
963 2436 992 2465 b.
1008 2445 1072 2473 sqq.
1086 2436 1121 2464 B.
1137 2451 1175 2455 —
1197 2435 1279 2464 Orat.
1301 2444 1355 2464 ms.
1369 2437 1571 2474 Tegrinsense
