1656 2674
211 462 267 497 31.

213 866 268 899 32.

213 1266 269 1299 33.

214 1667 269 1703 34.

212 2079 268 2113 35.

757 90 996 127 -91-

711 229 910 263 Secunda
933 230 1049 263 Pars.

761 310 813 339 Ad
832 311 988 339 Laudes.

867 386 894 418 I.

294 462 377 503 Ave‚
405 471 466 503 per
492 471 587 503 quam
612 462 715 496 oritur

345 510 419 543 Lux
445 510 480 542 in
507 511 595 543 coelo
622 511 694 555 sita,

297 559 366 599 Qua
390 560 543 600 majestas
571 559 713 593 cernitur

345 607 407 640 Dei
434 606 571 648 infinita,

294 655 424 689 Inimici
448 656 584 696 pellitur

343 704 458 737 Nostri
482 703 571 736 fraus
597 704 720 745 molita,

294 752 341 786 Et
364 762 451 785 mors
477 755 590 785 nostra
613 753 761 794 moritur,

344 801 531 842 Reparatur
556 801 633 833 viia.

296 865 380 903 Ave,
407 865 498 905 virgo
524 863 653 901 nobilis,

346 913 442 945 Felix
469 915 502 944 et
526 912 706 954 praeclara,

296 961 421 994 Mundo
448 960 688 1002 praeamabilis,

346 1009 417 1042 Deo
443 1009 579 1041 multum
605 1018 690 1052 cara,

297 1058 401 1091 Nobis
427 1058 491 1089 tuis
517 1056 646 1089 famulis

347 1107 442 1140 Vana
466 1105 519 1138 fac
545 1115 665 1147 amara,

297 1155 341 1188 Et
365 1155 400 1187 in
425 1154 643 1186 tabernaculis

347 1203 437 1236 Coeli
461 1203 568 1234 locum
593 1211 683 1242 para.

295 1266 377 1308 Ave,
407 1266 488 1297 coeli
513 1265 677 1306 gaudium,

345 1314 496 1346 Rutilans
522 1323 650 1357 aurora,

297 1362 348 1395 Tu
371 1371 446 1403 spes
471 1365 506 1394 te
532 1362 715 1404 colentium,

347 1411 509 1452 virginum
536 1411 663 1449 decora,

295 1459 434 1501 Largire
459 1459 659 1500 praesidium

346 1508 450 1541 Nobis
477 1508 547 1541 sine
569 1517 670 1545 mora,

298 1556 429 1590 Ducens
454 1559 530 1597 post
555 1556 703 1589 exsilium

344 1605 399 1638 Aci
426 1606 588 1638 coelorum
613 1604 694 1640 fora.

297 1670 380 1709 Ave,
406 1669 464 1700 lux
490 1671 522 1700 et
549 1668 678 1701 domina

348 1717 447 1757 Coeli,
474 1720 593 1757 terrae,
620 1718 730 1759 maris,

299 1765 388 1806 Quae
412 1766 446 1798 in
472 1775 565 1798 sacra
590 1766 709 1807 pagina

346 1814 448 1848 Jacob
475 1815 573 1847 stella
597 1813 687 1856 faris,

296 1864 418 1896 Precor
443 1865 487 1904 te,
519 1863 681 1904 genimina

344 1912 422 1946 Mea
446 1912 568 1945 tuearis

295 1961 409 2005 Hoste,
437 1970 497 2002 per
522 1961 603 1993 haec
627 1962 773 1994 earmina

346 2010 377 2043 A
403 2010 519 2051 quibus
544 2010 699 2043 laudaris.

295 2078 379 2118 Ave,
406 2078 500 2111 Jesse
524 2078 662 2119 virgula,

347 2127 446 2168 Cujus
470 2128 576 2161 solvet
601 2126 725 2161 fructus

295 2177 459 2211 Vitiorum
484 2177 615 2210 vincula

345 2226 567 2267 Tristiumque
592 2226 709 2269 luctus,

293 2276 358 2309 Per
383 2275 466 2308 haee
489 2274 598 2317 Stygis
624 2276 757 2315 pessula

343 2324 522 2366 Hostisque
550 2325 733 2358 destructus

294 2374 342 2408 Et.
364 2374 473 2407 Adam
500 2383 571 2406 eum
597 2374 714 2415 copula

343 2423 404 2457 Est
429 2424 463 2456 in
490 2424 615 2456 coelum
642 2423 767 2457 ductus

911 463 967 496 36.

912 865 968 898 37.

914 1266 969 1299 38.

914 1669 969 1702 39.

916 2079 972 2112 40.

995 462 1077 502 Ave,
1105 461 1312 494 luminarium

1044 509 1227 551 Splendens
1249 510 1284 542 in
1310 508 1470 551 supernis,

993 559 1079 591 Nam
1104 567 1207 600 omne,
1237 557 1432 591 eontrarium

1045 607 1136 646 Quod
1162 610 1212 640 esf.
1235 607 1311 647 luci,
1337 605 1475 647 spernis,

998 656 1101 688 Tuum
1129 655 1328 688 devotarium

1042 703 1183 737 Mundes
1208 705 1243 736 in
1268 703 1415 743 internis,

996 753 1096 793 Quem
1122 754 1289 792 peecatum
1315 751 1440 784 varium

1045 801 1208 841 inquinat,
1234 804 1271 833 ut
1297 800 1412 834 cernis,

995 864 1076 906 Ave,
1109 865 1159 896 cui
1183 864 1217 896 in
1245 863 1376 895 citharis

1044 912 1149 952 Hujus
1172 912 1382 955 symphoniae

995 960 1105 993 Jubilo
1133 968 1204 992 cum
1230 960 1357 994 ceteris.

1044 1008 1105 1048 Qui
1131 1011 1164 1041 te
1187 1009 1324 1041 laudant
1349 1009 1412 1048 pie,

998 1057 1137 1090 Cunctos
1160 1057 1224 1089 mei
1250 1057 1386 1098 generis,

1047 1105 1072 1138 Ο
1097 1108 1202 1138 mater
1222 1105 1375 1143 Messiae‚

999 1152 1155 1194 Segreges
1180 1163 1200 1186 a
1224 1153 1350 1185 miseris

1046 1202 1085 1234 In
1112 1204 1254 1235 extremo
1283 1202 1345 1234 die.

997 1265 1078 1303 Ave,
1106 1273 1201 1297 arcus
1226 1265 1344 1305 positus

1045 1312 1203 1346 Foederis
1228 1313 1263 1345 in
1288 1313 1425 1354 signum,

997 1361 1025 1394 T
1028 1362 1215 1401 empestatis
1241 1362 1375 1403 spiritus

1047 1410 1212 1451 Omneque
1235 1410 1412 1451 malignum

998 1459 1138 1501 Peneus,
1165 1459 1230 1491 ista
1254 1459 1392 1490 servitus

1046 1506 1163 1540 Faciat
1186 1516 1238 1540 me
1266 1507 1397 1548 dignum

999 1556 1077 1588 Tuis
1104 1564 1233 1597 semper
1257 1555 1420 1597 laudibus,

1048 1604 1185 1637 Cautum
1211 1607 1244 1637 et
1274 1604 1456 1645 benignum.

997 1668 1079 1707 Ave,
1105 1665 1307 1700 fortitudinis

1046 1715 1134 1749 Urbs
1160 1719 1257 1757 atque
1282 1716 1410 1757 regalis.

999 1765 1103 1798 Sorde
1129 1773 1242 1797 carens
1270 1765 1412 1797 criminis

1050 1813 1269 1855 Omnibusque
1291 1813 1397 1853 malis,

1001 1862 1094 1895 Pelle
1119 1862 1151 1894 vi
1175 1862 1371 1903 precaminis

1049 1911 1112 1943 Tui
1136 1912 1305 1952 virginalis

999 1960 1157 2000 impetum
1185 1960 1358 1993 moliminis

1048 2008 1162 2042 Hostis
1187 2008 1367 2042 infernalis

1000 2077 1082 2118 Ave,
1111 2077 1357 2110 tabernaculum

1047 2126 1205 2160 Foederis
1234 2127 1346 2170 divini,

1001 2175 1102 2215 Quam
1127 2175 1264 2208 laudant.
1288 2176 1322 2208 in
1347 2175 1511 2208 saeculum

1049 2224 1138 2257 Coeli
1163 2224 1323 2266 inquilini,

1001 2273 1124 2306 Veneni
1148 2274 1328 2315 periculum

1048 2321 1153 2356 Aufer
1178 2323 1331 2364 zabulini,

1000 2372 1089 2406 Iram
1116 2376 1214 2414 atque
1238 2372 1428 2405 scandalum

1048 2421 1158 2455 Motus
1185 2421 1311 2455 asinini.
