1656 2674
130 140 189 173 45.
216 139 297 181 Ave,
325 137 409 170 sacri
435 137 530 169 theca
556 135 630 174 cibi⁷

265 186 381 219 Carnis
412 184 515 216 dulcis
539 183 611 225 filii,

215 235 316 267 Metri
343 233 548 265 concinentes
574 231 635 263 tibi

264 281 420 314 Versibus
445 279 556 312 eximii

215 331 253 362 In
276 330 407 362 decreto
433 327 487 360 fac
513 326 674 360 conscribi

263 377 353 410 Coeli
377 375 569 409 consistorii.

214 432 297 470 Ave,
323 440 341 463 o
368 430 592 472 malogranata

263 479 365 513 Plena
391 478 501 519 granis
528 476 662 519 gratiae,

213 527 300 560 Mire
323 526 533 567 priviiegiata

263 575 348 608 Prae
372 575 457 606 natis
484 572 652 614 ecciesiae,

216 623 262 656 Et
285 624 320 655 in
345 623 442 656 coelis
469 631 556 655 nunc
574 622 682 654 locata

263 671 363 704 Juxta
388 680 495 712 regem
522 670 655 712 gloriae.

213 726 296 764 Ave,
326 733 406 766 &luae
431 733 517 758 nunc
542 722 728 756 sublimaris

264 774 302 807 In
328 781 479 815 supremo
505 773 595 810 solio,

215 822 397 856 sublimata
421 820 612 863 jucundaris

262 869 341 903 Cum
368 870 487 904 dilecto
512 868 594 908 filio,

217 918 430 952 Consolamen
455 918 607 959 largiaris

262 966 366 1000 Nobis
391 966 425 999 in
452 966 576 999 exsilio.

128 431 187 465 46.

127 725 187 759 47.

772 37 841 74 156
892 56 939 61 ——

831 135 888 168 48.
916 133 998 176 Ave,
1025 134 1130 163 mater
1155 129 1311 170 insignita

961 180 1079 213 Multis
1103 177 1296 219 privilegiis,

916 228 981 261 Per
1006 236 1101 268 quam
1127 225 1248 258 mundo
1273 224 1365 258 venit
1389 225 1458 258 vita

969 276 1049 309 Cum
1076 275 1170 308 donis
1197 277 1231 306 et
1254 273 1380 315 gratiis,

916 325 1014 357 Plebs
1032 324 1114 357 haec
1129 323 1267 356 credens
1289 323 1333 355 sit
1348 321 1473 355 munita

965 373 1078 406 Hostis
1105 371 1146 405 ab
1172 371 1313 404 insidiis.

831 427 889 461 49.
915 426 999 466 Ave,
1027 425 1203 466 splendens
1228 424 1408 465 margarita

963 473 1044 507 Plus
1061 482 1157 515 quam
1174 482 1320 515 gemmae
1334 474 1470 513 ceterae,

917 523 956 556 In
983 531 1104 556 corona
1128 523 1214 564 regis
1240 522 1305 554 sita

965 571 1145 612 Regnantis
1171 571 1206 603 in
1232 570 1374 613 aethere,

915 620 969 653 Da
993 629 1084 653 mens
1110 622 1223 653 nostra
1248 619 1292 651 sit
1318 618 1458 650 contrita

964 670 1028 702 Pro
1056 668 1224 702 commisso
1251 668 1384 700 scelere.

832 724 887 758 50.
914 722 997 762 Ave,
1025 725 1081 754 tua
1105 730 1202 762 quam
1228 723 1336 753 aetate

963 771 1065 803 Nulla
1090 769 1199 803 fuscat
1223 770 1339 809 scoria,

914 819 968 852 Da
990 819 1085 852 finita
1108 819 1256 851 vanitate

964 868 1083 901 Mundi
1108 866 1298 900 transitoria

913 916 1036 949 Tecum
1058 916 1094 948 in
1120 915 1314 948 aeternitate

964 963 1177 997 Perfruamur
1201 964 1316 1006 gloria.

203 1023 286 1051 Orat.
307 1032 361 1051 nis.
381 1024 567 1060 'Regni-inum
587 1031 666 1052 saec.
690 1020 734 1051 15.
757 1023 832 1051 Cim.
847 1022 1019 1051 Monacens.
1044 1020 1146 1050 19824
1159 1022 1211 1051 foi.
1233 1020 1269 1048 71
1292 1029 1319 1049 a.

636 1107 686 1139 49.
727 1105 894 1139 Rosarium
916 1106 954 1138 ΙΙ,

177 1246 184 1254 .
212 1226 294 1263 Ave,
318 1223 433 1265 gaude,
459 1224 542 1266 vale,
569 1223 700 1265 plaude,

261 1271 367 1313 Salve,
395 1273 485 1313 virgo
511 1271 642 1312 nobilis,

212 1320 307 1353 Omni
333 1320 520 1353 veneranda
544 1320 642 1353 laude

264 1367 511 1410 Carminumque
540 1368 656 1409 titulis,

211 1417 278 1449 Nos
305 1417 345 1449 ab
371 1418 473 1450 hostis
499 1419 570 1449 tuta
594 1416 711 1450 fraude

263 1465 458 1506 Cunctis-que
483 1465 646 1506 periculis.

177 1544 184 1552 .
210 1520 293 1561 Ave,
323 1520 412 1560 cujus
439 1520 482 1552 ad
507 1521 660 1559 parentes

257 1567 381 1600 Missus
407 1566 471 1600 fuit
494 1569 638 1610 angelus,

212 1617 296 1656 Quos
323 1616 444 1658 abjecit
467 1616 543 1649 olim
568 1615 684 1648 flentes

258 1663 485 1697 Hebraeorum
508 1664 659 1705 populus,

209 1713 284 1745 Ait:
314 1714 385 1746 sitis
411 1723 498 1746 nunc
523 1713 701 1754 gaudentes

257 1761 304 1795 Et
327 1771 370 1794 ne
393 1760 473 1795 fleat
492 1763 614 1796 oculus.

175 1840 182 1848 .
208 1816 291 1856 Ave,
321 1821 411 1856 cujus
436 1818 542 1849 mater
567 1817 662 1857 alma,

258 1864 361 1897 Laeta
387 1864 427 1897 de
452 1865 596 1909 oraculo,

208 1912 310 1946 Forte
336 1914 454 1946 cecinit,
477 1912 635 1947 Hosanna

257 1963 396 1996 Animae
420 1963 453 1995 in
477 1962 593 2006 jubilo,

209 2010 277 2043 Nos
305 2012 438 2044 coelesti
465 2011 537 2044 ciba
558 2021 677 2044 manna

260 2061 375 2095 Carnis
401 2061 471 2093 nati
496 2060 627 2102 pabulo.

206 2113 288 2155 Ave,
318 2115 358 2148 de
384 2114 496 2147 radice
520 2114 614 2147 Jesse

258 2163 368 2196 Genus
396 2163 516 2196 ducens
542 2163 701 2205 inclitum,

210 2212 257 2246 Ut
282 2221 342 2253 per
367 2213 492 2253 scripta
518 2215 567 2244 est
593 2219 747 2252 expresse

258 2261 365 2294 Isaiae
390 2261 567 2303 proditum,

207 2308 371 2342 Mundum
398 2309 460 2341 duo
486 2309 529 2342 ad
554 2309 638 2341 bene
665 2316 734 2341 esse

259 2358 322 2390 Per
346 2361 483 2398 peccata
507 2357 682 2397 perditum,

853 1224 884 1257 5.
912 1222 994 1267 Ave,
1022 1223 1113 1265 virgo
1141 1224 1181 1256 de
1207 1222 1311 1264 regali

964 1272 1131 1312 Goncepta
1155 1271 1328 1313 genimine,

914 1319 986 1352 Nec
1010 1329 1074 1352 non
1101 1322 1132 1352 et
1158 1318 1340 1360 pontificali

963 1369 1110 1402 Oriunda
1135 1368 1291 1409 germine,

914 1415 1032 1450 Servos
1059 1421 1130 1450 tuos
1158 1427 1178 1449 a
1203 1416 1335 1450 mortali

962 1465 1099 1506 Semper
1124 1474 1234 1498 serves
1262 1464 1407 1497 crimine.

878 1544 884 1550 .
911 1518 994 1559 Ave,
1023 1527 1119 1559 quam
1143 1519 1311 1560 on'ginaiis

960 1567 1036 1600 Bon
1064 1566 1211 1601 foedavit
1235 1566 1374 1606 macula,

912 1615 998 1649 Nam
1023 1618 1056 1647 te
1082 1617 1186 1649 virtus
1215 1615 1368 1650 divinalis

961 1664 1016 1697 Sic
1040 1665 1161 1699 tutavit
1184 1664 1310 1705 seduia,

910 1712 955 1746 Ut
981 1722 1042 1746 nec
1067 1715 1183 1755 culpae
1208 1713 1345 1746 venialis

962 1763 1010 1795 Te
1032 1771 1098 1796 mox
1107 1765 1201 1796 erent:
1224 1762 1394 1796 scandala.

877 1842 883 1849 .
912 1815 994 1855 Ave,
1022 1816 1113 1858 virgo
1138 1816 1196 1849 lux
1219 1817 1337 1849 solaris

961 1865 1089 1897 Micans
1114 1865 1156 1899 de
1180 1866 1330 1910 ealigine,

911 1913 1047 1953 Quando
1075 1923 1172 1947 carne
1197 1913 1364 1956 generaris

961 1962 1100 1995 Davidis
1128 1971 1167 1995 ex
1192 1964 1350 2005 germine,

912 2010 1003 2044 Tuae
1028 2011 1121 2044 nobis
1147 2011 1298 2054 largiaris

962 2060 1096 2093 Gratiae
1123 2060 1163 2093 de
1187 2060 1318 2093 lumine.

915 2114 998 2153 Ave,
1024 2114 1146 2146 nardus
1173 2114 1313 2145 odorosa

961 2161 1078 2194 odoris
1104 2160 1312 2201 fragraniine,

912 2208 1051 2242 Deitatis
1075 2219 1093 2242 ο
1119 2208 1263 2241 formosa

958 2256 1043 2290 Fota
1068 2255 1323 2297 obumbramine,

910 2303 1005 2344 Unge
1031 2305 1131 2336 corda
1153 2312 1331 2338 rancorosa

957 2351 1112 2385 Caritatis
1136 2353 1289 2393 unguine.
