1656 2674
201 369 283 405 131.

203 796 285 831 132.

199 1223 282 1258 133.

198 1649 278 1683 134.

195 2077 275 2112 135.

732 117 1002 154 —101—

311 370 418 412 Salve,
440 371 669 412 potentissima

358 419 478 452 Mundi
502 420 707 462 imperatrix,

309 468 494 509 Pauperum
521 468 709 501 dulcissima

359 516 481 549 Tamen
510 517 718 559 consolatrix,

308 565 386 598 Irae
410 566 455 598 515
479 565 628 605 piissima

358 613 422 646 Dei
447 611 677 655 refraenatrix,

311 662 405 695 Servi
430 662 478 694 tui
504 662 621 698 anima,

360 710 462 750 Quam
487 711 581 742 timet
604 711 783 751 peccatrix.

313 797 421 839 Salve,
450 798 540 837 cujus
565 798 696 830 nomine

355 846 495 887 Respiro
521 845 720 887 frequenter,

310 896 392 929 Cum
416 903 478 936 pro
502 903 575 927 meo
601 895 737 927 crimine

358 943 526 984 Torqueor
553 943 711 983 dolenter,

313 992 412 1026 Unde
436 992 499 1023 hoc
522 991 554 1022 in
584 992 728 1024 carmine

356 1039 472 1072 Laudo
498 1042 532 1071 te
558 1040 746 1081 gaudenter,

309 1088 348 1120 In
376 1089 538 1120 coelorum
565 1088 704 1120 culmine

357 1137 560 1178 Regnantem
586 1139 747 1176 potenter.

310 1223 417 1265 Salve,
444 1225 541 1263 porta
566 1223 685 1255 misero

354 1271 474 1303 Patens
500 1271 678 1311 peccatori,

305 1319 403 1352 Hunc
426 1327 560 1352 servans
587 1319 627 1351 ab
653 1318 760 1352 infero

354 1368 574 1408 Reddensque
600 1368 712 1409 amori,

305 1416 391 1449 Mihi
416 1420 471 1449 tuo
498 1418 610 1449 tenero

353 1466 492 1498 Praesta
515 1465 690 1505 laudatori,

304 1513 356 1546 Ne
381 1514 479 1546 velim
504 1513 545 1545 de
571 1516 679 1546 cetero

350 1563 417 1595 Per
441 1564 577 1603 peccata
600 1562 694 1594 mori.

306 1649 413 1689 Salve,
442 1649 525 1682 coeli
551 1649 668 1681 civium

354 1698 474 1731 Potens
500 1698 696 1737 reparatrix,

305 1747 388 1779 Nam
417 1756 450 1779 es
475 1746 712 1786 poenitentium

352 1794 621 1836 Reconciliatrix,

306 1844 358 1877 Sis
386 1843 597 1877 esurientium

356 1893 484 1926 Virtute
510 1892 650 1924 cibatrix

304 1941 350 1974 Et
375 1941 630 1975 amaritudinum

353 1990 405 2024 Sis
432 1988 661 2025 dulcificatrix.

303 2077 411 2120 Salve,
438 2077 538 2119 plena
562 2078 667 2118 gratia

353 2127 519 2168 Virgoque
546 2125 697 2171 fecunda,

301 2177 389 2218 Quae
416 2175 604 2209 obedientia

349 2224 457 2258 Fuisti
481 2224 632 2265 rotunda,

299 2275 370 2308 Fac
396 2275 440 2307 sit
465 2282 505 2306 ex
531 2274 704 2306 clementia

348 2324 426 2357 Mea
450 2332 542 2356 mens
565 2323 722 2365 jucunda,

299 2373 353 2406 Ex
378 2372 585 2414 impatientia

350 2422 440 2463 Quae
465 2424 515 2454 est
537 2420 725 2455 furibunda.

847 276 894 310 Π.

904 372 984 408 136.

902 800 983 833 137.

899 1223 980 1257 138.

901 1649 981 1683 139.

900 2077 982 2113 140.

1012 373 1118 414 Salve,
1140 373 1335 406 venerabilis

1058 422 1181 455 Mulier
1205 421 1367 465 Hebraea,

1010 470 1149 503 Florens
1174 470 1307 502 laudum
1332 468 1475 503 flosculis

1060 519 1099 551 In
1125 518 1212 551 omni
1237 518 1372 557 Judaea‚

1011 567 1158 599 Solutum
1184 575 1204 598 a
1227 567 1365 599 vinculis

1060 615 1223 657 Culpaeve
1247 616 1404 656 morphea

1009 664 1067 696 Me
1088 665 1189 704 junge
1214 664 1386 708 coelicolis,

1057 711 1171 744 Dulcis
1196 715 1300 744 mater
1324 721 1405 745 mea.

1011 799 1118 840 Salve,
1145 799 1323 839 speciosior

1058 847 1134 880 Sole
1157 847 1193 879 in
1217 847 1394 888 splendore

1008 896 1119 936 Atque
1142 895 1317 928 virtuosior

1057 944 1221 976 Virtutum
1246 944 1368 984 vigore,

1008 992 1164 1024 Accende
1187 1000 1249 1032 ine,
1279 993 1447 1032 deprecor,

1057 1040 1188 1073 Amoris
1215 1039 1354 1072 fervore.

1007 1088 1120 1121 Mente
1145 1088 1200 1128 qui
1228 1089 1388 1120 destituor

1056 1136 1170 1169 Noxae
1193 1145 1273 1177 prae
1297 1137 1418 1177 algore.

1008 1222 1080 1256 Salv
1089 1232 1116 1263 e,
1140 1222 1368 1263 potentissima

1056 1271 1166 1312 Stygis
1193 1271 1366 1310 spoliatrix

1007 1319 1054 1352 Et
1080 1319 1303 1361 copiosissima

1053 1367 1171 1401 Mundi
1195 1367 1375 1408 irrigatriX.

1006 1416 1085 1449 Mea
1109 1417 1153 1450 ad
1177 1418 1211 1447 te
1236 1416 1344 1448 anima

1056 1464 1208 1498 Clamitat
1233 1464 1404 1505 peccatrix,

1007 1512 1054 1546 Ut
1079 1514 1148 1554 ejus
1172 1513 1417 1553 promptissima

1055 1562 1106 1594 Tu
1131 1562 1176 1594 sis
1203 1561 1399 1602 reparatrix.

1010 1649 1117 1690 Salve,
1143 1657 1257 1681 mensa
1282 1657 1381 1681 aurea

1056 1697 1305 1738 Propositionis,

1010 1747 1136 1779 Panum
1163 1748 1195 1777 et
1221 1746 1363 1778 eburnea

1059 1794 1160 1828 Sedes
1188 1794 1378 1827 Salomonis.

1010 1843 1150 1876 Sanctae
1177 1843 1234 1876 des
1258 1843 1378 1881 idonea

1058 1892 1331 1936 conversationis,

1007 1940 1172 1975 Auferens
1200 1949 1335 1973 erronea

1056 1990 1167 2023 Malae
1192 1990 1341 2024 actionis.

1009 2077 1116 2119 Salve,
1144 2085 1163 2110 o
1189 2076 1340 2109 solatium

1056 2127 1196 2160 Animae
1223 2125 1369 2164 devotae,

1008 2176 1073 2209 Per
1095 2176 1173 2217 Juge
1195 2174 1363 2206 servitium

1055 2224 1131 2257 Tibi
1156 2223 1240 2255 bene
1265 2226 1371 2263 notae,

1005 2274 1037 2306 A
1062 2283 1115 2306 me
1139 2272 1254 2305 mundi
1279 2272 1394 2305 vitium

1052 2322 1170 2355 Facias
1195 2324 1329 2362 remote,

1004 2371 1160 2413 Regionis
1185 2370 1342 2412 gaudium

1055 2421 1141 2455 Mihi
1169 2420 1250 2453 dans
1276 2420 1416 2462 ignotae.
