1656 2674
639 82 907 119 —109—-

100 188 152 216 per
179 180 270 208 horas
297 179 359 208 diei
383 182 544 209 canonicas
563 181 612 210 vel
633 190 685 218 per
705 184 819 219 septem
839 181 930 210 ferias
951 182 1136 219 septimanae
1157 180 1205 210 vel
1226 181 1314 209 aliter
1334 189 1438 208 secun-

99 218 170 247 dum
191 217 380 248 devotionem
403 222 525 248 orantis
546 221 606 249 AB.

179 256 210 291 1,
239 256 256 286 6
284 258 359 286 mihi
384 258 462 287 facie
488 259 550 287 AB.
578 274 617 279 -
641 257 673 295 4,
701 256 719 286 8
738 259 838 288 Mater
858 259 934 288 fehlt
952 259 987 287 A.
1008 275 1046 279 —-
1068 258 1098 292 5,
1127 257 1146 287 4
1165 259 1230 287 Ave
1257 259 1291 287 A.
1312 273 1351 278 —
1372 257 1399 292 7,
1423 255 1441 286 8

99 296 219 325 Nobilis
240 298 272 324 in
292 296 353 325 AB.
376 312 413 317 ——
436 296 480 330 11,
502 295 520 325 2
543 297 659 326 Clu-isto
682 298 758 326 fehlt
776 298 838 326 AB.
853 315 892 319 —
915 296 958 332 11,
980 296 999 327 3
1020 301 1137 326 uterum
1156 297 1232 327 fehlt
1245 298 1280 326 A.
1302 312 1339 316 —
1363 294 1407 332 12,
1424 295 1442 325 6

99 334 166 363 Tua
186 335 262 364 fehlt.
278 337 312 364 A.
330 351 364 355 —
382 337 409 372 7,
424 335 441 365 5
456 337 600 365 Hostium
614 337 649 365 A.
663 351 702 357 —-·
722 335 769 370 20,
785 336 801 365 7
816 346 845 364 u.
861 335 879 365 8
892 336 994 365 fehlen
1007 337 1042 364 A.
1057 352 1062 355 -
1086 351 1094 356 .
1111 335 1158 373 29,
1179 334 1198 366 8
1211 338 1295 365 Tunc
1309 336 1444 365 tribuisti

100 373 136 402 A.
165 391 204 395 —-
231 372 285 410 31,
316 374 333 403 6
359 376 455 404 Fraus
480 376 591 404 inolita
619 375 680 404 AB.
708 390 746 394 —
771 374 825 410 41,
852 375 870 404 5
896 385 925 403 u.
953 375 970 404 6
999 375 1098 404 fehlen
1117 376 1178 404 AB.
1202 390 1233 394 —
1259 374 1311 410 45,
1335 373 1353 403 5
1373 384 1403 403 u.
1425 372 1442 402 6

99 412 200 442 fehlen
221 414 283 442 AB.
309 429 341 433 —
365 414 391 449 5,
416 413 430 442 1
455 415 588 443 calamus
608 415 644 442 A.
664 429 704 435 —-
724 413 769 448 51,
791 413 808 444 5
821 424 850 442 u.
863 414 880 444 6
900 414 1000 443 fehlen
1020 415 1109 442 A.—-
1129 415 1174 451 55,
1196 413 1214 443 3
1235 415 1350 452 gloriae
1369 413 1444 442 fehlt

101 451 136 480 A.
164 468 204 473 —
234 451 287 488 55,
317 451 336 481 ὃ
363 453 436 482 odis
459 453 533 482 fehlt
557 454 592 481 A.
618 467 656 472 —
690 452 740 485 57,
770 453 787 482 6
811 453 919 482 Mundi
936 453 1011 482 fehlt
1029 454 1065 481 A.
1086 467 1124 473 ·—
1146 452 1191 488 59,
1214 451 1232 482 8
1251 454 1349 489 Regni
1370 452 1445 480 fehlt

101 490 136 519 A.
157 507 196 511 —
218 490 270 527 62,
292 491 310 520 8
332 493 548 521 concinuerunt
567 493 601 520 A.
621 508 659 512 —
681 490 726 527 64,
750 491 766 520 6
787 492 931 528 Dignarie
951 493 986 521 A.
1007 507 1044 510 —
1068 491 1113 526 64,
1135 491 1152 519 7
1175 494 1330 521 denarium
1348 492 1383 519 A.
1404 506 1443 510 -—-

103 527 149 565 68,
170 528 190 558 4
210 530 279 559 Hac
298 531 463 566 hymnodia
482 532 516 559 A.
539 546 575 550 —
595 528 641 564 73,
663 530 680 559 6
703 539 732 558 11.
753 530 769 558 7
786 530 886 559 fehlen
899 531 962 559 AB.
985 545 1022 551 υ-
1036 530 1083 565 75,
1105 530 1122 559 5
1137 532 1250 568 optima
1262 530 1336 559 fehlt
1356 530 1391 558 A.
1405 544 1444 550 -—-

102 565 148 603 30,
171 567 190 597 3
206 569 274 598 Hus
297 571 488 598 ueneratione
508 570 546 601 A:
571 570 670 605 Hujus
690 571 884 598 veneratione
896 569 931 597 B.
953 584 991 589 —-
1012 567 1057 603 99,
1082 569 1098 598 6
1114 569 1193 599 Sane
1207 570 1267 597 AB.
1289 584 1327 590 —
1341 567 1405 598 102.
1426 567 1446 596 4

101 608 270 637 honestatis
290 609 351 637 AB.
374 625 412 629 -
437 607 500 643 102,
519 607 536 636 5
557 609 656 637 Fatim
676 608 718 643 Α,
739 608 817 636 fanti
836 608 869 636 B.
891 623 930 628 ——
951 607 1015 642 127,
1038 608 1055 636 5
1077 618 1104 637 u.
1117 607 1134 636 6
1155 608 1255 637 fehlon
1269 609 1304 637 A.
1322 622 1356 626 —-
1380 604 1444 642 132,

103 644 123 675 4
148 655 178 674 u.
206 646 223 675 5
253 647 354 676 femen
379 647 440 676 AB.
469 662 509 668 —·
534 646 598 682 144,
627 644 645 675 8
671 647 729 675 Per
754 649 785 675 te
806 649 912 683 agonis
933 647 995 675 AB.
1020 662 1057 666 —
1079 645 1143 680 109,
1166 647 1183 676 5
1203 648 1335 684 largiens
1356 646 1444 675 nobis

102 685 139 714 A.
159 701 199 706 —
221 684 286 722 170,
307 683 327 713 4
348 689 453 714 ornata
466 686 501 714 A.
522 700 562 704 —
578 683 641 719 172,
664 684 681 714 3
702 685 833 714 faciliter
846 686 881 714 A.
902 701 941 706 -
964 683 1027 720 172,
1051 685 1068 714 6
1090 694 1169 714 nune
1189 686 1314 714 internis
1330 685 1392 713 AB.
1409 699 1447 703 —

104 721 176 759 173,
208 722 225 752 6
245 725 282 753 In
303 724 379 760 Iegis
402 726 453 760 qui
473 724 534 752 AB.
556 741 594 745 --
616 722 686 759 189,
713 725 731 752 ὅ
752 726 841 752 ruina
862 724 937 752 fehlt
956 725 991 753 A.
1012 741 1050 745 -—
1074 721 1137 759 193,
1160 723 1180 753 4
1201 727 1303 761 tegens
1325 724 1386 752 AB.
1407 740 1445 743 —

107 760 170 798 195,
192 761 211 792 3
232 763 317 792 fuisti
340 763 385 792 bis
403 761 467 798 195,
489 763 505 791 7
528 763 628 791 fehlen
641 763 703 792 AB.
725 777 761 782 —
780 760 843 798 199,
865 763 882 791 7
901 766 945 791 est
965 764 1000 791 A.
1017 780 1032 783 -
1050 780 1054 781 ν
1069 761 1134 793 201,
1155 763 1175 791 4
1195 763 1276 791 dieta
1297 763 1372 791 fehlt
1385 762 1446 790 AB.

425 896 782 941 Ahecedariorum
819 895 954 939 series
991 896 1124 952 prior.

605 982 651 1014 26.
693 980 906 1014 Abecedarius
925 981 950 1013 Ι.

136 1066 167 1098 1.

139 1862 157 1895 02

195 1063 295 1099 Abba
322 1065 482 1102 deificum,

245 1123 355 1146 rerum
380 1114 589 1155 principium,

197 1162 259 1202 Qui
284 1162 479 1195 naturaliter

243 1219 378 1251 generas
401 1209 515 1243 filium.

197 1258 275 1292 Cum
302 1268 364 1300 quo
390 1258 527 1291 mirifice

244 1308 351 1347 spiras
373 1307 578 1347 paraclitum,

196 1356 295 1396 Cuius
324 1356 380 1387 det
404 1356 510 1397 gratia

243 1403 324 1437 mihi
353 1404 533 1437 consilium.

195 1459 331 1496 Beatam
357 1461 487 1494 efferam

247 1510 353 1552 dignis
378 1513 416 1543 ut
439 1510 591 1544 laudibus

195 1559 368 1592 Alumnam
394 1558 454 1592 filii

243 1608 292 1640 tui
319 1607 478 1648 devotius,

198 1656 296 1697 Cujus
322 1656 479 1689 solamine

248 1708 322 1738 utor
348 1703 561 1746 frequentius,

196 1754 234 1787 In
259 1753 371 1786 mundi
395 1753 495 1786 variis

244 1802 508 1835 adversitatibus.

163 1887 170 1895 .
199 1858 336 1900 Christe,
366 1860 567 1893 credentium

243 1909 306 1941 tibi
329 1918 405 1949 spes
430 1910 537 1950 unica,

198 1958 366 1991 Precantis
392 1959 513 1991 servuli

248 2016 304 2039 eor
330 2005 511 2048 serenifica,

198 2058 285 2091 Juva
307 2056 482 2096 ingenium,

246 2105 391 2146 linguam
416 2104 464 2137 sie
489 2105 630 2146 applica,

197 2154 242 2188 Ut
271 2154 367 2196 digne
392 2154 526 2194 virginis

247 2203 438 2244 depromam
464 2202 599 2236 cantica.

163 2288 170 2296 .
197 2260 328 2297 Donum
353 2261 506 2302 paracliti

246 2311 395 2351 poscenti
421 2310 540 2350 tribue,

198 2361 343 2394 Mentem
368 2359 495 2393 irradia

250 2412 283 2442 et
306 2418 420 2442 sensus
444 2409 564 2449 imbue,

894 1063 1035 1096 Matrem
1060 1067 1097 1095 ut
1122 1063 1279 1105 virginem

945 1112 1126 1144 collaudem
1152 1115 1293 1154 strenue,

895 1158 991 1192 Nunc
1017 1162 1049 1191 et
1071 1160 1103 1192 in
1132 1159 1251 1191 coelico

942 1216 1041 1249 regno
1067 1210 1235 1249 perpetue.

836 1268 866 1298 f.
894 1263 983 1306 Ergo
1009 1275 1096 1298 nunc
1121 1266 1248 1297 animae

943 1315 1030 1347 vires
1058 1313 1242 1346 concurrite

893 1362 937 1395 Et
964 1362 1194 1395 inconveniens

944 1419 1038 1444 omne
1063 1410 1207 1450 abjicite,

894 1460 1000 1494 Deum
1025 1468 1106 1499 prae
1129 1458 1275 1491 omnibus

943 1511 975 1540 et
1001 1506 1195 1548 benedicite,

895 1555 1030 1590 Deinde·
1056 1556 1212 1596 virginem

944 1607 1088 1638 sanctam
1116 1606 1147 1636 et
1173 1603 1288 1636 dicite:

860 1689 867 1696 .
894 1660 983 1698 Fons
1011 1663 1115 1695 dulcis
1141 1661 1274 1703 gratiae,

945 1712 1037 1753 virgo
1062 1711 1246 1749 mitissima,

897 1760 939 1794 Se
964 1761 1028 1793 tuis
1053 1759 1194 1801 pedibus

945 1810 1036 1842 velut
1060 1808 1239 1849 peripsima

896 1857 973 1890 Mea
997 1856 1152 1890 flebiliter

942 1907 1123 1947 prosternit
1145 1906 1264 1945 anima,

900 1956 1065 1996 oppressa
1092 1955 1250 1988 scelerum

949 2005 1034 2037 mole
1057 2003 1259 2045 gravissima.

863 2090 870 2097 .
900 2060 1064 2098 Gravatur
1089 2062 1247 2103 siquidem

947 2111 1036 2144 fastu
1061 2111 1245 2154 superbiae,

899 2162 980 2202 Igne
1007 2161 1216 2193 succenditur

947 2212 981 2242 et
1003 2209 1172 2251 avaritiae,

898 2258 1068 2292 Foedatur
1093 2258 1234 2298 turpiter

947 2309 1017 2341 luto
1044 2307 1203 2349 luxuriae,

902 2358 1076 2400 Ipsamque
1101 2358 1286 2389 concremat

951 2405 1007 2440 fax
1032 2405 1233 2440 iracundiae.
