1656 2674
719 79 960 116 -55-

161 177 218 211 24.
247 174 451 213 Nazarenam
476 180 641 212 civitatem

297 226 402 261 Vobis
424 228 647 266 redeuntibus,

251 275 295 309 Et
321 284 382 317 per
408 286 518 309 veram
544 279 772 318 paupertatem

299 325 376 359 lllic
399 324 623 358 habitantibus

250 372 314 406 Per
338 374 483 407 innatam
508 375 663 415 pietatem

301 421 458 456 Subdidit
480 431 516 455 se
539 424 670 463 plenius

347 471 449 503 Vobis
477 480 545 504 cum
573 471 744 504 modestia.

166 529 222 562 25.
250 525 372 563 Uemm
399 534 526 570 tempus
550 529 625 562 dum
642 529 791 570 instaret,

304 577 346 610 Ut
370 578 405 610 in
429 578 635 611 mirabilibus

249 625 374 659 Mundo
401 635 437 658 se
460 625 685 660 manifestaret

302 673 409 716 Signis
437 677 470 707 et.
494 675 678 715 virtutibus,

252 721 299 756 Et
323 725 461 756 mortem
483 724 683 756 acceleraret

302 771 374 804 Pati
400 780 460 812 pro
485 772 671 806 hominibus

348 820 519 861 Multaque
544 819 738 861 opprobria3

168 879 224 912 26.
254 874 392 911 Servum
416 887 509 911 suum
534 879 756 919 baptizantem

302 926 495 959 Peccatores
521 927 613 967 adiit,

253 975 296 1008 Se
320 984 380 1008 nos
404 984 514 1007 omnes
541 975 767 1008 emendantem

300 1021 471 1065 Baptizari
497 1024 602 1067 petiit,

253 1073 341 1106 Prae
365 1073 482 1105 timore
507 1072 719 1105 reluctantem

301 1119 500 1155 Luculenter
523 1121 658 1153 instruit,

351 1169 446 1203 Omni
473 1168 514 1200 de
535 1169 672 1209 justitia.

169 1224 227 1256 27.
258 1219 351 1257 Tunc
376 1231 439 1254 vox
462 1223 550 1254 venit
576 1222 755 1263 paternalis

302 1270 428 1304 Audita
454 1270 495 1303 de
519 1270 677 1304 nubibus:

252 1319 317 1352 Hic
340 1322 390 1352 est
414 1328 504 1352 meus
530 1319 689 1352 naturalis

299 1369 351 1400 Ac
378 1367 516 1400 dilectus
541 1366 639 1408 filius,

250 1418 291 1450 In
316 1425 379 1457 quo
402 1416 483 1449 mihi
508 1417 659 1457 specialis

298 1467 401 1497 Amor
428 1468 477 1497 est.
500 1474 581 1505 prae
606 1465 754 1498 omnibus

348 1514 439 1547 Inter
465 1514 649 1548 existentia.

166 1568 221 1600 28.
251 1564 332 1607 Ejus
358 1567 432 1601 voci
456 1568 509 1599 vel
534 1567 697 1601 mandatis

299 1616 463 1649 obaudite
484 1617 616 1659 jugiter,

250 1665 346 1697 Viam
370 1664 463 1697 vobis
489 1665 662 1706 aequitatis

301 1713 386 1746 Nam
409 1714 534 1754 pandet
560 1713 731 1754 veraciter,

250 1762 298 1796 Ut
321 1765 468 1795 tenentes
494 1762 579 1795 hanc
603 1762 721 1795 vivatis

302 1810 419 1844 Secum
445 1811 655 1845 aeternaliter

346 1861 387 1894 In
409 1862 543 1893 aeterna
568 1860 682 1901 gloria.

165 1914 221 1948 29.
252 1912 369 1955 Coepit
395 1915 481 1947 enim
505 1913 674 1956 propalari

297 1963 424 1997 Mundo
448 1964 483 1996 in
509 1962 686 2003 miraculis,

248 2013 350 2054 Quem
375 2012 430 2044 vix
455 2015 590 2054 possent
617 2010 778 2045 declarari

297 2061 394 2094 Mille
416 2062 451 2094 in
472 2061 640 2102 perieulis,

249 2110 338 2151 Quae
363 2119 424 2152 per
447 2119 542 2144 sacra
566 2110 716 2152 indagari

297 2159 416 2192 Multis
440 2161 476 2193 in
498 2159 651 2201 capitulis

343 2210 475 2243 Ponunt
501 2209 679 2249 evangelia.

162 2263 219 2298 30.
246 2259 345 2298 I'ires
370 2264 499 2304 mentiS,
527 2273 546 2296 o
569 2263 691 2303 Maria,

296 2311 437 2347 Sublevo
470 2312 618 2346 devotius

245 2361 302 2395 Ad
326 2365 360 2395 te
384 2361 448 2395 hac
473 2363 506 2396 in
531 2361 721 2404 hymnodia,

295 2411 398 2451 Quam
430 2422 517 2445 nunc
541 2413 576 2445 in
599 2410 795 2444 coelestibus

218 2476 334 2500 Dreves
342 2493 348 2503 ‚
364 2475 496 2500 Uelalrieus
512 2472 723 2497 Weffiofontanus.

868 344 924 376 31.

868 1405 923 1438 34.

867 1759 923 1792 35.

868 2118 923 2150 36.

951 180 1061 213 Omnis
1086 180 1200 213 laudat
1225 178 1408 212 hierarchia

999 228 1204 270 Hymnorum
1228 227 1438 261 concentibus

1050 277 1127 310 Sine
1154 276 1363 311 dissonantia.

951 339 1054 376 Maris
1080 342 1186 382 stella,
1211 349 1294 382 quae
1319 348 1484 380 cacumen,

1001 390 1128 423 Tenens
1154 391 1188 422 in
1213 389 1416 429 sublimibus,

952 439 1093 472 Deitatis
1120 439 1242 471 clarum
1266 439 1375 471 lumen

1001 487 1148 529 Largiris
1174 486 1395 527 terrestribuS,

953 535 1139 569 Gratiarum
1163 535 1249 577 quod
1276 534 1333 567 dat
1357 532 1475 568 flumen

1002 583 1071 617 Sibi
1096 583 1348 617 adhaerentibus

1046 633 1144 673 Legis
1172 642 1242 665 cum
1268 632 1426 665 custodia.

892 706 899 713 ⁸
918 722 925 728 .
952 692 1045 730 Bono
1071 704 1195 728 summo
1219 704 1278 728 nos
1303 693 1504 739 commenda,

1003 745 1104 784 Patri,
1132 747 1218 785 nato,
1245 742 1379 785 flamini,

954 793 1053 834 Cujus
1077 792 1170 834 virgo
1190 790 1411 831 praecolenda

1000 841 1124 874 Adstas
1152 839 1345 878 celsitudini,

951 890 1045 923 Hora
1069 889 1183 922 mortis
1207 889 1242 921 in
1262 887 1430 921 horrenda

1001 938 1052 971 Ne
1076 946 1134 970 nos
1162 938 1218 970 det
1247 936 1426 969 discrimini

1050 987 1190 1026 Propter
1214 989 1328 1017 nostra
1352 984 1441 1017 vitia.

953 1046 1035 1090 EJus
1060 1048 1153 1082 nobis
1179 1048 1245 1081 leni
1271 1050 1397 1090 pectus,

1002 1098 1100 1139 Virgo
1125 1096 1331 1136 venerabilis,

953 1145 1130 1179 Unieornis
1155 1145 1210 1186 qui
1232 1145 1363 1177 illectus

1003 1193 1116 1227 Carnis
1142 1196 1218 1226 tuae
1243 1193 1392 1232 vinculis,

951 1243 1059 1276 Malos
1083 1251 1157 1275 cum
1182 1241 1352 1274 damnabit
1372 1243 1481 1273 rectus

1002 1290 1110 1325 Judex
1136 1293 1169 1322 et
1192 1290 1350 1322 terribilis

1050 1339 1161 1373 Finali
1186 1338 1357 1371 sententia.

951 1400 1055 1438 Nimis
1082 1406 1170 1435 certe
1195 1402 1387 1434 metuendus

1001 1451 1064 1485 Est
1088 1451 1143 1483 hic
1167 1450 1281 1482 mundi
1307 1449 1474 1492 terminus,

952 1500 1123 1534 Universis
1150 1507 1221 1531 cum
1246 1497 1434 1531 tremendus

1000 1547 1171 1582 Juelioabit
1193 1546 1362 1586 Dominus,

951 1599 1060 1639 Atque
1085 1598 1186 1631 Satan
1212 1599 1262 1628 est
1286 1595 1467 1628 tradendus

1000 1646 1073 1679 Suis
1099 1654 1170 1678 cum
1198 1643 1408 1685 complicibus

1058 1693 1167 1736 Stygis
1192 1693 1237 1726 ad
1261 1692 1433 1733 supplicia.

951 1754 981 1792 E
1010 1758 1139 1790 diverso
1165 1756 1359 1798 praepolitis

998 1806 1104 1840 Ferro
1130 1804 1351 1846 poenitentiae

953 1855 1148 1896 ornatisque
1173 1853 1360 1895 margaritis

1002 1903 1142 1938 Sanctae
1167 1902 1386 1936 continentiae

952 1953 1060 1986 Judex
1087 1951 1261 1994 apparebit.
1284 1951 1373 1984 mitis

1002 2003 1080 2037 Cum
1108 2001 1200 2042 signo
1227 2000 1418 2033 elementiae

1052 2050 1206 2084 Vocando
1232 2050 1275 2082 ad
1298 2048 1456 2089 praemia,

951 2112 1039 2150 Deus
1067 2115 1130 2146 erit
1153 2121 1278 2146 merces
1303 2112 1365 2153 ibi,

999 2164 1074 2198 Hoc
1099 2165 1150 2195 est
1167 2162 1202 2195 in
1229 2161 1435 2201 coelestibus,

954 2212 1035 2247 Cum
1058 2212 1230 2245 devotione
1255 2210 1319 2244 sibi

1011 2260 1090 2295 Rite
1115 2260 1342 2300 servientibus,

956 2310 1062 2345 Credo
1090 2313 1188 2350 certe,
1216 2310 1303 2350 quod
1330 2311 1363 2341 et
1385 2309 1446 2342 tibi

1003 2360 1098 2394 {Iuste
1123 2357 1356 2392 famulantibus

1054 2407 1170 2442 Cordis
1196 2408 1375 2449 vigilantia.

1319 2465 1337 2494 5
