<?xml version="1.0" encoding="UTF-8"?>
<!DOCTYPE html PUBLIC "-//W3C//DTD XHTML 1.0 Transitional//EN"
    "http://www.w3.org/TR/xhtml1/DTD/xhtml1-transitional.dtd">
<html xmlns="http://www.w3.org/1999/xhtml" xml:lang="en" lang="en">
 <head>
  <title>
</title>
<meta http-equiv="Content-Type" content="text/html;charset=utf-8" />
  <meta name='ocr-system' content='tesseract 3.04.00' />
  <meta name='ocr-capabilities' content='ocr_page ocr_carea ocr_par ocr_line ocrx_word'/>
</head>
<body>
  <div class='ocr_page' id='page_1' title='image "./analectahymnica06drevuoft_00080.png"; bbox 0 0 1656 2674; ppageno 0'>
   <div class='ocr_carea' id='block_1_1' title="bbox 177 183 686 567">
    <p class='ocr_par' dir='ltr' id='par_1_1' title="bbox 177 183 686 567">
     <span class='ocr_line' id='line_1_1' title="bbox 177 183 620 226; baseline 0 -9"><span class='ocrx_word' id='word_1_1' title='bbox 177 184 232 217; x_wconf 82' lang='lat'>65.</span> <span class='ocrx_word' id='word_1_2' title='bbox 260 183 307 217; x_wconf 90' lang='lat' dir='ltr'>Es</span> <span class='ocrx_word' id='word_1_3' title='bbox 332 194 408 217; x_wconf 88' lang='lat' dir='ltr'>nam</span> <span class='ocrx_word' id='word_1_4' title='bbox 434 186 620 226; x_wconf 80' lang='lat' dir='ltr'>armarium,</span> 
     </span>
     <span class='ocr_line' id='line_1_2' title="bbox 309 234 648 274; baseline 0.003 -8"><span class='ocrx_word' id='word_1_5' title='bbox 309 234 343 266; x_wconf 89' lang='lat' dir='ltr'>in</span> <span class='ocrx_word' id='word_1_6' title='bbox 370 243 432 274; x_wconf 85' lang='lat' dir='ltr'>quo</span> <span class='ocrx_word' id='word_1_7' title='bbox 459 234 648 267; x_wconf 78' lang='lat' dir='ltr'>reconditur</span> 
     </span>
     <span class='ocr_line' id='line_1_3' title="bbox 262 281 495 326; baseline 0 -12"><span class='ocrx_word' id='word_1_8' title='bbox 262 281 382 315; x_wconf 84' lang='lat' dir='ltr'>Lorica</span> <span class='ocrx_word' id='word_1_9' title='bbox 407 283 495 326; x_wconf 84' lang='lat' dir='ltr'>fidei,</span> 
     </span>
     <span class='ocr_line' id='line_1_4' title="bbox 311 330 675 372; baseline 0.005 -9"><span class='ocrx_word' id='word_1_10' title='bbox 311 330 370 364; x_wconf 89' lang='lat' dir='ltr'>sub</span> <span class='ocrx_word' id='word_1_11' title='bbox 398 340 461 372; x_wconf 88' lang='lat' dir='ltr'>qua</span> <span class='ocrx_word' id='word_1_12' title='bbox 487 330 675 365; x_wconf 80' lang='lat' dir='ltr'>defenditur</span> 
     </span>
     <span class='ocr_line' id='line_1_5' title="bbox 263 378 600 423; baseline 0.003 -11"><span class='ocrx_word' id='word_1_13' title='bbox 263 378 385 423; x_wconf 82' lang='lat' dir='ltr'>Justus‚</span> <span class='ocrx_word' id='word_1_14' title='bbox 416 384 449 413; x_wconf 81' lang='lat' dir='ltr'>et</span> <span class='ocrx_word' id='word_1_15' title='bbox 473 380 600 421; x_wconf 81' lang='lat' dir='ltr'>gladius</span> 
     </span>
     <span class='ocr_line' id='line_1_6' title="bbox 312 428 686 471; baseline 0.003 -11"><span class='ocrx_word' id='word_1_16' title='bbox 312 428 415 469; x_wconf 85' lang='lat' dir='ltr'>verbi,</span> <span class='ocrx_word' id='word_1_17' title='bbox 443 438 505 470; x_wconf 84' lang='lat' dir='ltr'>quo</span> <span class='ocrx_word' id='word_1_18' title='bbox 531 430 686 471; x_wconf 84' lang='lat' dir='ltr'>pungitur</span> 
     </span>
     <span class='ocr_line' id='line_1_7' title="bbox 261 476 646 519; baseline 0.005 -10"><span class='ocrx_word' id='word_1_19' title='bbox 261 476 387 516; x_wconf 85' lang='lat' dir='ltr'>Hostis,</span> <span class='ocrx_word' id='word_1_20' title='bbox 416 478 470 519; x_wconf 87' lang='lat' dir='ltr'>qui</span> <span class='ocrx_word' id='word_1_21' title='bbox 497 477 646 511; x_wconf 84' lang='lat' dir='ltr'>credulos</span> 
     </span>
     <span class='ocr_line' id='line_1_8' title="bbox 313 524 681 567; baseline 0.005 -10"><span class='ocrx_word' id='word_1_22' title='bbox 313 524 465 567; x_wconf 76' lang='lat' dir='ltr'><strong>frequens</strong></span> <span class='ocrx_word' id='word_1_23' title='bbox 490 527 681 566; x_wconf 83' lang='lat' dir='ltr'><strong>insequitur,</strong></span> 
     </span>
    </p>
   </div>
   <div class='ocr_carea' id='block_1_2' title="bbox 179 588 674 962">
    <p class='ocr_par' dir='ltr' id='par_1_2' title="bbox 179 588 674 824">
     <span class='ocr_line' id='line_1_9' title="bbox 179 588 674 630; baseline 0.004 -9"><span class='ocrx_word' id='word_1_24' title='bbox 179 588 235 622; x_wconf 89' lang='lat'>66.</span> <span class='ocrx_word' id='word_1_25' title='bbox 263 588 313 621; x_wconf 90' lang='lat' dir='ltr'>Tu</span> <span class='ocrx_word' id='word_1_26' title='bbox 339 593 465 622; x_wconf 85' lang='lat' dir='ltr'>scutum</span> <span class='ocrx_word' id='word_1_27' title='bbox 495 589 674 630; x_wconf 83' lang='lat' dir='ltr'>reprimens</span> 
     </span>
     <span class='ocr_line' id='line_1_10' title="bbox 312 638 552 679; baseline 0.004 -10"><span class='ocrx_word' id='word_1_28' title='bbox 312 639 381 678; x_wconf 80' lang='lat' dir='ltr'>ejus</span> <span class='ocrx_word' id='word_1_29' title='bbox 408 638 552 679; x_wconf 59' lang='lat' dir='ltr'>missilia,</span> 
     </span>
     <span class='ocr_line' id='line_1_11' title="bbox 265 685 622 728; baseline 0.006 -11"><span class='ocrx_word' id='word_1_30' title='bbox 265 685 387 725; x_wconf 76' lang='lat' dir='ltr'>Quibus</span> <span class='ocrx_word' id='word_1_31' title='bbox 412 690 622 728; x_wconf 80' lang='lat' dir='ltr'>prosternere</span> 
     </span>
     <span class='ocr_line' id='line_1_12' title="bbox 310 735 505 768; baseline 0 -2"><span class='ocrx_word' id='word_1_32' title='bbox 310 735 378 767; x_wconf 87' lang='lat' dir='ltr'>nati</span> <span class='ocrx_word' id='word_1_33' title='bbox 406 736 505 768; x_wconf 84' lang='lat' dir='ltr'>ovilia</span> 
     </span>
     <span class='ocr_line' id='line_1_13' title="bbox 262 782 563 824; baseline 0 -9"><span class='ocrx_word' id='word_1_34' title='bbox 262 782 407 816; x_wconf 79' lang='lat' dir='ltr'>Gonatur</span> <span class='ocrx_word' id='word_1_35' title='bbox 434 784 563 824; x_wconf 80' lang='lat' dir='ltr'>callide,</span> 
     </span>
    </p>

    <p class='ocr_par' dir='ltr' id='par_1_3' title="bbox 311 832 518 875">
     <span class='ocr_line' id='line_1_14' title="bbox 311 832 518 875; baseline -0.005 -10"><span class='ocrx_word' id='word_1_36' title='bbox 311 832 336 865; x_wconf 95' lang='grc' dir='ltr'>Ο</span> <span class='ocrx_word' id='word_1_37' title='bbox 365 832 418 864; x_wconf 88' lang='lat' dir='ltr'>dei</span> <span class='ocrx_word' id='word_1_38' title='bbox 441 832 518 875; x_wconf 86' lang='lat' dir='ltr'>filia,</span> 
     </span>
    </p>

    <p class='ocr_par' dir='ltr' id='par_1_4' title="bbox 260 879 579 962">
     <span class='ocr_line' id='line_1_15' title="bbox 260 879 579 922; baseline 0.006 -10"><span class='ocrx_word' id='word_1_39' title='bbox 260 879 359 913; x_wconf 84' lang='lat' dir='ltr'>Mitte</span> <span class='ocrx_word' id='word_1_40' title='bbox 385 881 427 913; x_wconf 85' lang='lat' dir='ltr'>de</span> <span class='ocrx_word' id='word_1_41' title='bbox 451 882 579 922; x_wconf 80' lang='lat' dir='ltr'>superis</span> 
     </span>
     <span class='ocr_line' id='line_1_16' title="bbox 310 928 552 962; baseline 0.004 -1"><span class='ocrx_word' id='word_1_42' title='bbox 310 928 404 962; x_wconf 90' lang='lat' dir='ltr'>nobis</span> <span class='ocrx_word' id='word_1_43' title='bbox 431 930 552 962; x_wconf 83' lang='lat' dir='ltr'>auxilia</span> 
     </span>
    </p>
   </div>
   <div class='ocr_carea' id='block_1_3' title="bbox 176 991 668 1372">
    <p class='ocr_par' dir='ltr' id='par_1_5' title="bbox 176 991 668 1179">
     <span class='ocr_line' id='line_1_17' title="bbox 176 991 668 1033; baseline 0 -8"><span class='ocrx_word' id='word_1_44' title='bbox 176 993 233 1025; x_wconf 87' lang='lat'>67.</span> <span class='ocrx_word' id='word_1_45' title='bbox 262 991 313 1024; x_wconf 83' lang='lat' dir='ltr'>Tu</span> <span class='ocrx_word' id='word_1_46' title='bbox 338 1002 466 1033; x_wconf 83' lang='lat' dir='ltr'>quoque</span> <span class='ocrx_word' id='word_1_47' title='bbox 489 993 612 1024; x_wconf 81' lang='lat' dir='ltr'>vallum</span> <span class='ocrx_word' id='word_1_48' title='bbox 634 1002 668 1025; x_wconf 90' lang='lat' dir='ltr'>es</span> 
     </span>
     <span class='ocr_line' id='line_1_18' title="bbox 311 1041 569 1082; baseline 0.004 -9"><span class='ocrx_word' id='word_1_49' title='bbox 311 1044 409 1082; x_wconf 86' lang='lat' dir='ltr'>atque</span> <span class='ocrx_word' id='word_1_50' title='bbox 433 1041 569 1074; x_wconf 84' lang='lat' dir='ltr'>munitio</span> 
     </span>
     <span class='ocr_line' id='line_1_19' title="bbox 260 1088 600 1123; baseline 0 -3"><span class='ocrx_word' id='word_1_51' title='bbox 260 1088 432 1122; x_wconf 78' lang='lat' dir='ltr'>Exsistens</span> <span class='ocrx_word' id='word_1_52' title='bbox 460 1089 600 1123; x_wconf 82' lang='lat' dir='ltr'>credulis</span> 
     </span>
     <span class='ocr_line' id='line_1_20' title="bbox 309 1136 535 1179; baseline -0.004 -9"><span class='ocrx_word' id='word_1_53' title='bbox 309 1136 405 1170; x_wconf 81' lang='lat' dir='ltr'>firma</span> <span class='ocrx_word' id='word_1_54' title='bbox 430 1138 535 1179; x_wconf 84' lang='lat' dir='ltr'>tuitio,</span> 
     </span>
    </p>

    <p class='ocr_par' dir='ltr' id='par_1_6' title="bbox 260 1185 643 1275">
     <span class='ocr_line' id='line_1_21' title="bbox 260 1185 643 1226; baseline -0.003 -8"><span class='ocrx_word' id='word_1_55' title='bbox 260 1185 333 1218; x_wconf 82' lang='lat' dir='ltr'>Jam</span> <span class='ocrx_word' id='word_1_56' title='bbox 357 1186 460 1218; x_wconf 83' lang='lat' dir='ltr'>instat</span> <span class='ocrx_word' id='word_1_57' title='bbox 484 1185 643 1226; x_wconf 87' lang='lat' dir='ltr'>proelium</span> 
     </span>
     <span class='ocr_line' id='line_1_22' title="bbox 310 1234 544 1275; baseline 0.004 -9"><span class='ocrx_word' id='word_1_58' title='bbox 310 1237 343 1266; x_wconf 79' lang='lat' dir='ltr'>et</span> <span class='ocrx_word' id='word_1_59' title='bbox 368 1234 544 1275; x_wconf 79' lang='lat' dir='ltr'>expe-ditio,</span> 
     </span>
    </p>

    <p class='ocr_par' dir='ltr' id='par_1_7' title="bbox 260 1282 593 1372">
     <span class='ocr_line' id='line_1_23' title="bbox 260 1282 565 1325; baseline 0.003 -11"><span class='ocrx_word' id='word_1_60' title='bbox 260 1282 331 1315; x_wconf 84' lang='lat' dir='ltr'>Tua</span> <span class='ocrx_word' id='word_1_61' title='bbox 355 1292 441 1315; x_wconf 89' lang='lat' dir='ltr'>nunc</span> <span class='ocrx_word' id='word_1_62' title='bbox 465 1283 565 1325; x_wconf 80' lang='lat' dir='ltr'>igitur</span> 
     </span>
     <span class='ocr_line' id='line_1_24' title="bbox 309 1331 593 1372; baseline 0 -8"><span class='ocrx_word' id='word_1_63' title='bbox 309 1331 397 1364; x_wconf 77' lang='lat' dir='ltr'>adsit</span> <span class='ocrx_word' id='word_1_64' title='bbox 422 1332 593 1372; x_wconf 85' lang='lat' dir='ltr'>protectio.</span> 
     </span>
    </p>
   </div>
   <div class='ocr_carea' id='block_1_4' title="bbox 174 1393 685 1776">
    <p class='ocr_par' dir='ltr' id='par_1_8' title="bbox 174 1393 600 1435">
     <span class='ocr_line' id='line_1_25' title="bbox 174 1393 600 1435; baseline -0.005 -8"><span class='ocrx_word' id='word_1_65' title='bbox 174 1395 231 1429; x_wconf 88' lang='lat'>68.</span> <span class='ocrx_word' id='word_1_66' title='bbox 258 1393 364 1427; x_wconf 89' lang='lat' dir='ltr'>Dulce</span> <span class='ocrx_word' id='word_1_67' title='bbox 389 1394 600 1435; x_wconf 83' lang='lat' dir='ltr'>praesidium,</span> 
     </span>
    </p>

    <p class='ocr_par' dir='ltr' id='par_1_9' title="bbox 308 1443 548 1475">
     <span class='ocr_line' id='line_1_26' title="bbox 308 1443 548 1475; baseline 0 0"><span class='ocrx_word' id='word_1_68' title='bbox 308 1443 436 1475; x_wconf 80' lang='lat' dir='ltr'>hostilis</span> <span class='ocrx_word' id='word_1_69' title='bbox 462 1443 548 1475; x_wconf 86' lang='lat' dir='ltr'>acies</span> 
     </span>
    </p>

    <p class='ocr_par' dir='ltr' id='par_1_10' title="bbox 256 1491 685 1581">
     <span class='ocr_line' id='line_1_27' title="bbox 256 1491 685 1532; baseline 0 -7"><span class='ocrx_word' id='word_1_70' title='bbox 256 1491 321 1525; x_wconf 88' lang='lat' dir='ltr'>Per</span> <span class='ocrx_word' id='word_1_71' title='bbox 347 1491 434 1532; x_wconf 83' lang='lat' dir='ltr'>quod</span> <span class='ocrx_word' id='word_1_72' title='bbox 461 1491 685 1532; x_wconf 83' lang='lat' dir='ltr'>comprimitur</span> 
     </span>
     <span class='ocr_line' id='line_1_28' title="bbox 308 1540 611 1581; baseline 0.003 -9"><span class='ocrx_word' id='word_1_73' title='bbox 308 1543 405 1581; x_wconf 86' lang='lat' dir='ltr'>atque</span> <span class='ocrx_word' id='word_1_74' title='bbox 430 1540 611 1581; x_wconf 81' lang='lat' dir='ltr'>barbarieS,</span> 
     </span>
    </p>

    <p class='ocr_par' dir='ltr' id='par_1_11' title="bbox 256 1587 615 1679">
     <span class='ocr_line' id='line_1_29' title="bbox 256 1587 604 1623; baseline -0.003 0"><span class='ocrx_word' id='word_1_75' title='bbox 256 1587 430 1623; x_wconf 88' lang='lat' dir='ltr'>Defunctis</span> <span class='ocrx_word' id='word_1_76' title='bbox 456 1589 604 1622; x_wconf 86' lang='lat' dir='ltr'>omnibus</span> 
     </span>
     <span class='ocr_line' id='line_1_30' title="bbox 307 1639 615 1679; baseline 0.003 -10"><span class='ocrx_word' id='word_1_77' title='bbox 307 1641 419 1669; x_wconf 87' lang='lat' dir='ltr'>natum</span> <span class='ocrx_word' id='word_1_78' title='bbox 444 1639 615 1679; x_wconf 65' lang='lat' dir='ltr'>propitios</span> 
     </span>
    </p>

    <p class='ocr_par' dir='ltr' id='par_1_12' title="bbox 257 1685 656 1776">
     <span class='ocr_line' id='line_1_31' title="bbox 257 1685 525 1719; baseline 0.007 -2"><span class='ocrx_word' id='word_1_79' title='bbox 257 1685 304 1718; x_wconf 77' lang='lat' dir='ltr'>Ut</span> <span class='ocrx_word' id='word_1_80' title='bbox 330 1686 375 1718; x_wconf 88' lang='lat' dir='ltr'>eis</span> <span class='ocrx_word' id='word_1_81' title='bbox 403 1686 525 1719; x_wconf 86' lang='lat' dir='ltr'>coelica</span> 
     </span>
     <span class='ocr_line' id='line_1_32' title="bbox 307 1735 656 1776; baseline 0 -9"><span class='ocrx_word' id='word_1_82' title='bbox 307 1738 493 1775; x_wconf 73' lang='lat' dir='ltr'>praestetur</span> <span class='ocrx_word' id='word_1_83' title='bbox 518 1735 656 1776; x_wconf 77' lang='lat' dir='ltr'>requies.</span> 
     </span>
    </p>
   </div>
   <div class='ocr_carea' id='block_1_5' title="bbox 172 1797 694 2182">
    <p class='ocr_par' dir='ltr' id='par_1_13' title="bbox 172 1797 694 2182">
     <span class='ocr_line' id='line_1_33' title="bbox 172 1797 619 1833; baseline -0.002 -2"><span class='ocrx_word' id='word_1_84' title='bbox 172 1798 229 1833; x_wconf 88' lang='lat'>69.</span> <span class='ocrx_word' id='word_1_85' title='bbox 257 1797 344 1831; x_wconf 84' lang='lat' dir='ltr'>Nam</span> <span class='ocrx_word' id='word_1_86' title='bbox 370 1806 404 1830; x_wconf 91' lang='lat' dir='ltr'>es</span> <span class='ocrx_word' id='word_1_87' title='bbox 430 1798 619 1832; x_wconf 86' lang='lat' dir='ltr'>coelestium</span> 
     </span>
     <span class='ocr_line' id='line_1_34' title="bbox 307 1848 609 1888; baseline -0.003 -9"><span class='ocrx_word' id='word_1_88' title='bbox 307 1851 487 1880; x_wconf 80' lang='lat' dir='ltr'>castrorum</span> <span class='ocrx_word' id='word_1_89' title='bbox 513 1848 609 1888; x_wconf 86' lang='lat' dir='ltr'>acies,</span> 
     </span>
     <span class='ocr_line' id='line_1_35' title="bbox 259 1895 532 1936; baseline -0.007 -6"><span class='ocrx_word' id='word_1_90' title='bbox 259 1895 358 1936; x_wconf 85' lang='lat' dir='ltr'>Cujus</span> <span class='ocrx_word' id='word_1_91' title='bbox 384 1896 532 1936; x_wconf 80' lang='lat' dir='ltr'>potentia</span> 
     </span>
     <span class='ocr_line' id='line_1_36' title="bbox 305 1944 566 1986; baseline 0 -9"><span class='ocrx_word' id='word_1_92' title='bbox 305 1944 438 1986; x_wconf 80' lang='lat' dir='ltr'>fugatur</span> <span class='ocrx_word' id='word_1_93' title='bbox 464 1945 566 1979; x_wconf 78' lang='lat' dir='ltr'>facies</span> 
     </span>
     <span class='ocr_line' id='line_1_37' title="bbox 255 1993 680 2036; baseline -0.002 -9"><span class='ocrx_word' id='word_1_94' title='bbox 255 1993 449 2035; x_wconf 86' lang='lat' dir='ltr'>Larvarum,</span> <span class='ocrx_word' id='word_1_95' title='bbox 478 1994 680 2036; x_wconf 86' lang='lat' dir='ltr'>daemonum,</span> 
     </span>
     <span class='ocr_line' id='line_1_38' title="bbox 305 2043 694 2084; baseline 0.005 -9"><span class='ocrx_word' id='word_1_96' title='bbox 305 2043 483 2084; x_wconf 86' lang='lat' dir='ltr'>horumque</span> <span class='ocrx_word' id='word_1_97' title='bbox 508 2043 694 2084; x_wconf 76' lang='lat' dir='ltr'>complices,</span> 
     </span>
     <span class='ocr_line' id='line_1_39' title="bbox 244 2092 583 2134; baseline 0.003 -10"><span class='ocrx_word' id='word_1_98' title='bbox 244 2092 305 2132; x_wconf 79' lang='lat' dir='ltr'>Qui</span> <span class='ocrx_word' id='word_1_99' title='bbox 327 2092 426 2133; x_wconf 84' lang='lat' dir='ltr'>justis</span> <span class='ocrx_word' id='word_1_100' title='bbox 450 2093 583 2134; x_wconf 84' lang='lat' dir='ltr'>laqueos</span> 
     </span>
     <span class='ocr_line' id='line_1_40' title="bbox 303 2141 661 2182; baseline 0.003 -10"><span class='ocrx_word' id='word_1_101' title='bbox 303 2145 430 2182; x_wconf 82' lang='lat' dir='ltr'>ponunt</span> <span class='ocrx_word' id='word_1_102' title='bbox 454 2141 661 2182; x_wconf 83' lang='lat' dir='ltr'>multiplices.</span> 
     </span>
    </p>
   </div>
   <div class='ocr_carea' id='block_1_6' title="bbox 169 2217 668 2451">
    <p class='ocr_par' dir='ltr' id='par_1_14' title="bbox 169 2217 668 2451">
     <span class='ocr_line' id='line_1_41' title="bbox 315 2217 668 2256; baseline 0 -10"><span class='ocrx_word' id='word_1_103' title='bbox 315 2217 433 2256; x_wconf 76' lang='lat' dir='ltr'>Caput</span> <span class='ocrx_word' id='word_1_104' title='bbox 453 2220 668 2255; x_wconf 76' lang='lat' dir='ltr'>septimum.</span> 
     </span>
     <span class='ocr_line' id='line_1_42' title="bbox 169 2268 555 2311; baseline -0.003 -9"><span class='ocrx_word' id='word_1_105' title='bbox 169 2269 187 2302; x_wconf 84' lang='lat'><strong>7</strong></span> <span class='ocrx_word' id='word_1_106' title='bbox 194 2269 225 2302; x_wconf 89' lang='grc' dir='ltr'>Ο.</span> <span class='ocrx_word' id='word_1_107' title='bbox 253 2268 304 2302; x_wconf 85' lang='lat' dir='ltr'>Tu</span> <span class='ocrx_word' id='word_1_108' title='bbox 329 2268 555 2311; x_wconf 84' lang='lat' dir='ltr'>purgatorium</span> 
     </span>
     <span class='ocr_line' id='line_1_43' title="bbox 300 2318 615 2360; baseline 0 -9"><span class='ocrx_word' id='word_1_109' title='bbox 300 2319 480 2360; x_wconf 83' lang='lat' dir='ltr'>squalentis</span> <span class='ocrx_word' id='word_1_110' title='bbox 506 2318 615 2359; x_wconf 86' lang='lat' dir='ltr'>animi,</span> 
     </span>
     <span class='ocr_line' id='line_1_44' title="bbox 252 2368 610 2410; baseline 0 -10"><span class='ocrx_word' id='word_1_111' title='bbox 252 2368 314 2410; x_wconf 79' lang='lat' dir='ltr'>Qui</span> <span class='ocrx_word' id='word_1_112' title='bbox 340 2377 413 2401; x_wconf 83' lang='lat' dir='ltr'>cum</span> <span class='ocrx_word' id='word_1_113' title='bbox 439 2368 610 2401; x_wconf 83' lang='lat' dir='ltr'>conamine</span> 
     </span>
     <span class='ocr_line' id='line_1_45' title="bbox 303 2417 555 2451; baseline -0.004 -1"><span class='ocrx_word' id='word_1_114' title='bbox 303 2417 422 2451; x_wconf 84' lang='lat' dir='ltr'>amoris</span> <span class='ocrx_word' id='word_1_115' title='bbox 448 2417 555 2450; x_wconf 85' lang='lat' dir='ltr'>intimi</span> 
     </span>
    </p>
   </div>
   <div class='ocr_carea' id='block_1_7' title="bbox 881 397 936 431">
    <p class='ocr_par' dir='ltr' id='par_1_15' title="bbox 881 397 936 431">
     <span class='ocr_line' id='line_1_46' title="bbox 881 397 936 431; baseline -0.036 0"><span class='ocrx_word' id='word_1_116' title='bbox 881 397 936 431; x_wconf 81' lang='lat'>71.</span> 
     </span>
    </p>
   </div>
   <div class='ocr_carea' id='block_1_8' title="bbox 880 1201 937 1234">
    <p class='ocr_par' dir='ltr' id='par_1_16' title="bbox 880 1201 937 1234">
     <span class='ocr_line' id='line_1_47' title="bbox 880 1201 937 1234; baseline -0.018 0"><span class='ocrx_word' id='word_1_117' title='bbox 880 1201 937 1234; x_wconf 81' lang='lat'>73.</span> 
     </span>
    </p>
   </div>
   <div class='ocr_carea' id='block_1_9' title="bbox 879 1604 935 1637">
    <p class='ocr_par' dir='ltr' id='par_1_17' title="bbox 879 1604 935 1637">
     <span class='ocr_line' id='line_1_48' title="bbox 879 1604 935 1637; baseline -0.018 0"><span class='ocrx_word' id='word_1_118' title='bbox 879 1604 935 1637; x_wconf 83' lang='lat'>74.</span> 
     </span>
    </p>
   </div>
   <div class='ocr_carea' id='block_1_10' title="bbox 964 188 1372 371">
    <p class='ocr_par' dir='ltr' id='par_1_18' title="bbox 964 188 1372 371">
     <span class='ocr_line' id='line_1_49' title="bbox 964 188 1254 230; baseline 0 -8"><span class='ocrx_word' id='word_1_119' title='bbox 964 188 1039 222; x_wconf 88' lang='lat' dir='ltr'>Tibi</span> <span class='ocrx_word' id='word_1_120' title='bbox 1065 188 1254 230; x_wconf 78' lang='lat' dir='ltr'>obsequitur</span> 
     </span>
     <span class='ocr_line' id='line_1_50' title="bbox 1011 238 1372 280; baseline 0.003 -10"><span class='ocrx_word' id='word_1_121' title='bbox 1011 247 1072 270; x_wconf 87' lang='lat' dir='ltr'>nec</span> <span class='ocrx_word' id='word_1_122' title='bbox 1097 238 1176 271; x_wconf 86' lang='lat' dir='ltr'>sinis</span> <span class='ocrx_word' id='word_1_123' title='bbox 1201 239 1372 280; x_wconf 77' lang='lat' dir='ltr'>supprimi,</span> 
     </span>
     <span class='ocr_line' id='line_1_51' title="bbox 964 286 1349 328; baseline 0.003 -10"><span class='ocrx_word' id='word_1_124' title='bbox 964 286 1050 319; x_wconf 84' lang='lat' dir='ltr'>Huic</span> <span class='ocrx_word' id='word_1_125' title='bbox 1073 287 1207 328; x_wconf 83' lang='lat' dir='ltr'>placans</span> <span class='ocrx_word' id='word_1_126' title='bbox 1234 286 1349 320; x_wconf 85' lang='lat' dir='ltr'>faciem</span> 
     </span>
     <span class='ocr_line' id='line_1_52' title="bbox 1011 335 1297 371; baseline 0.01 -4"><span class='ocrx_word' id='word_1_127' title='bbox 1011 337 1081 368; x_wconf 80' lang='lat' dir='ltr'>nati</span> <span class='ocrx_word' id='word_1_128' title='bbox 1110 335 1297 371; x_wconf 84' lang='lat' dir='ltr'>dulcissimi.</span> 
     </span>
    </p>
   </div>
   <div class='ocr_carea' id='block_1_11' title="bbox 965 397 1407 777">
    <p class='ocr_par' dir='ltr' id='par_1_19' title="bbox 965 397 1362 488">
     <span class='ocr_line' id='line_1_53' title="bbox 965 397 1362 441; baseline 0.005 -11"><span class='ocrx_word' id='word_1_129' title='bbox 965 397 1014 430; x_wconf 90' lang='lat' dir='ltr'>Tu</span> <span class='ocrx_word' id='word_1_130' title='bbox 1039 407 1130 431; x_wconf 90' lang='lat' dir='ltr'>mons</span> <span class='ocrx_word' id='word_1_131' title='bbox 1156 397 1362 441; x_wconf 79' lang='lat' dir='ltr'>fortissimus,</span> 
     </span>
     <span class='ocr_line' id='line_1_54' title="bbox 1013 448 1340 488; baseline 0.009 -10"><span class='ocrx_word' id='word_1_132' title='bbox 1013 448 1162 479; x_wconf 88' lang='lat' dir='ltr'>emittens</span> <span class='ocrx_word' id='word_1_133' title='bbox 1187 448 1340 488; x_wconf 81' lang='lat' dir='ltr'>lapidem,</span> 
     </span>
    </p>

    <p class='ocr_par' dir='ltr' id='par_1_20' title="bbox 967 494 1360 585">
     <span class='ocr_line' id='line_1_55' title="bbox 967 494 1360 536; baseline 0 -8"><span class='ocrx_word' id='word_1_134' title='bbox 967 494 1046 528; x_wconf 78' lang='lat' dir='ltr'>Cum</span> <span class='ocrx_word' id='word_1_135' title='bbox 1072 504 1133 536; x_wconf 90' lang='lat' dir='ltr'>quo</span> <span class='ocrx_word' id='word_1_136' title='bbox 1161 497 1360 529; x_wconf 87' lang='lat' dir='ltr'>construitur</span> 
     </span>
     <span class='ocr_line' id='line_1_56' title="bbox 1013 543 1315 585; baseline 0.007 -10"><span class='ocrx_word' id='word_1_137' title='bbox 1013 543 1100 576; x_wconf 84' lang='lat' dir='ltr'>celsa</span> <span class='ocrx_word' id='word_1_138' title='bbox 1125 543 1315 585; x_wconf 83' lang='lat' dir='ltr'>Jerusalem,</span> 
     </span>
    </p>

    <p class='ocr_par' dir='ltr' id='par_1_21' title="bbox 965 591 1407 686">
     <span class='ocr_line' id='line_1_57' title="bbox 965 591 1296 633; baseline 0.009 -10"><span class='ocrx_word' id='word_1_139' title='bbox 965 591 1023 624; x_wconf 84' lang='lat' dir='ltr'>Me</span> <span class='ocrx_word' id='word_1_140' title='bbox 1047 593 1111 624; x_wconf 87' lang='lat' dir='ltr'>tuis</span> <span class='ocrx_word' id='word_1_141' title='bbox 1134 593 1296 633; x_wconf 86' lang='lat' dir='ltr'>precibus,</span> 
     </span>
     <span class='ocr_line' id='line_1_58' title="bbox 1013 640 1407 686; baseline 0.005 -14"><span class='ocrx_word' id='word_1_142' title='bbox 1013 649 1141 681; x_wconf 81' lang='lat' dir='ltr'>quaeso,</span> <span class='ocrx_word' id='word_1_143' title='bbox 1169 640 1222 673; x_wconf 88' lang='lat' dir='ltr'>fac</span> <span class='ocrx_word' id='word_1_144' title='bbox 1254 641 1407 686; x_wconf 58' lang='lat' dir='ltr'>nabilem,</span> 
     </span>
    </p>

    <p class='ocr_par' dir='ltr' id='par_1_22' title="bbox 966 688 1370 777">
     <span class='ocr_line' id='line_1_59' title="bbox 966 688 1357 728; baseline 0.005 -8"><span class='ocrx_word' id='word_1_145' title='bbox 966 688 1065 728; x_wconf 85' lang='lat' dir='ltr'>Quem</span> <span class='ocrx_word' id='word_1_146' title='bbox 1091 698 1215 722; x_wconf 90' lang='lat' dir='ltr'>morum</span> <span class='ocrx_word' id='word_1_147' title='bbox 1240 690 1357 723; x_wconf 78' lang='lat' dir='ltr'>levitas</span> 
     </span>
     <span class='ocr_line' id='line_1_60' title="bbox 1013 736 1370 777; baseline 0.014 -9"><span class='ocrx_word' id='word_1_148' title='bbox 1013 736 1148 777; x_wconf 83' lang='lat' dir='ltr'>praebet</span> <span class='ocrx_word' id='word_1_149' title='bbox 1174 739 1370 773; x_wconf 87' lang='lat' dir='ltr'>versatilem.</span> 
     </span>
    </p>
   </div>
   <div class='ocr_carea' id='block_1_12' title="bbox 931 800 1359 841">
    <p class='ocr_par' dir='ltr' id='par_1_23' title="bbox 931 800 1359 841">
     <span class='ocr_line' id='line_1_61' title="bbox 931 800 1359 841; baseline 0 -9"><span class='ocrx_word' id='word_1_150' title='bbox 931 825 937 832; x_wconf 98' lang='lat'>.</span> <span class='ocrx_word' id='word_1_151' title='bbox 965 800 1015 832; x_wconf 88' lang='lat' dir='ltr'>Tu</span> <span class='ocrx_word' id='word_1_152' title='bbox 1041 809 1174 841; x_wconf 84' lang='lat' dir='ltr'>gemma,</span> <span class='ocrx_word' id='word_1_153' title='bbox 1204 800 1359 833; x_wconf 84' lang='lat' dir='ltr'>coelicum</span> 
     </span>
    </p>
   </div>
   <div class='ocr_carea' id='block_1_13' title="bbox 962 848 1378 1178">
    <p class='ocr_par' dir='ltr' id='par_1_24' title="bbox 965 848 1352 936">
     <span class='ocr_line' id='line_1_62' title="bbox 1013 848 1352 890; baseline 0.003 -10"><span class='ocrx_word' id='word_1_154' title='bbox 1013 849 1140 888; x_wconf 65' lang='lat' dir='ltr'>spirans</span> <span class='ocrx_word' id='word_1_155' title='bbox 1166 848 1352 890; x_wconf 83' lang='lat' dir='ltr'>igniculum,</span> 
     </span>
     <span class='ocr_line' id='line_1_63' title="bbox 965 897 1226 936; baseline 0.004 -8"><span class='ocrx_word' id='word_1_156' title='bbox 965 897 1024 936; x_wconf 82' lang='lat' dir='ltr'>Qui</span> <span class='ocrx_word' id='word_1_157' title='bbox 1051 905 1108 930; x_wconf 88' lang='lat' dir='ltr'>suo</span> <span class='ocrx_word' id='word_1_158' title='bbox 1133 898 1226 929; x_wconf 88' lang='lat' dir='ltr'>radio</span> 
     </span>
    </p>

    <p class='ocr_par' dir='ltr' id='par_1_25' title="bbox 962 945 1378 1033">
     <span class='ocr_line' id='line_1_64' title="bbox 1012 945 1378 987; baseline 0.008 -11"><span class='ocrx_word' id='word_1_159' title='bbox 1012 945 1112 977; x_wconf 86' lang='lat' dir='ltr'>vincit</span> <span class='ocrx_word' id='word_1_160' title='bbox 1139 946 1378 987; x_wconf 83' lang='lat' dir='ltr'>carbunculum,</span> 
     </span>
     <span class='ocr_line' id='line_1_65' title="bbox 962 993 1303 1033; baseline 0.003 -7"><span class='ocrx_word' id='word_1_161' title='bbox 962 993 1028 1026; x_wconf 87' lang='lat' dir='ltr'>Hic</span> <span class='ocrx_word' id='word_1_162' title='bbox 1051 995 1116 1025; x_wconf 85' lang='lat' dir='ltr'>tuis</span> <span class='ocrx_word' id='word_1_163' title='bbox 1141 993 1303 1033; x_wconf 74' lang='lat' dir='ltr'>precibus,</span> 
     </span>
    </p>

    <p class='ocr_par' dir='ltr' id='par_1_26' title="bbox 965 1040 1358 1131">
     <span class='ocr_line' id='line_1_66' title="bbox 1012 1040 1358 1075; baseline 0.006 -2"><span class='ocrx_word' id='word_1_164' title='bbox 1012 1050 1064 1073; x_wconf 86' lang='lat' dir='ltr'>me</span> <span class='ocrx_word' id='word_1_165' title='bbox 1088 1045 1178 1074; x_wconf 89' lang='lat' dir='ltr'>tuum</span> <span class='ocrx_word' id='word_1_166' title='bbox 1203 1040 1358 1075; x_wconf 82' lang='lat' dir='ltr'>famulum</span> 
     </span>
     <span class='ocr_line' id='line_1_67' title="bbox 965 1089 1243 1131; baseline 0 -9"><span class='ocrx_word' id='word_1_167' title='bbox 965 1089 1113 1122; x_wconf 78' lang='lat' dir='ltr'>Illustret</span> <span class='ocrx_word' id='word_1_168' title='bbox 1136 1090 1243 1131; x_wconf 79' lang='lat' dir='ltr'>gratia</span> 
     </span>
    </p>

    <p class='ocr_par' dir='ltr' id='par_1_27' title="bbox 1013 1139 1353 1178">
     <span class='ocr_line' id='line_1_68' title="bbox 1013 1139 1353 1178; baseline 0.009 -9"><span class='ocrx_word' id='word_1_169' title='bbox 1013 1140 1120 1170; x_wconf 86' lang='lat' dir='ltr'>tecum</span> <span class='ocrx_word' id='word_1_170' title='bbox 1144 1147 1205 1178; x_wconf 90' lang='lat' dir='ltr'>per</span> <span class='ocrx_word' id='word_1_171' title='bbox 1230 1139 1353 1173; x_wconf 86' lang='lat' dir='ltr'>vitium.</span> 
     </span>
    </p>
   </div>
   <div class='ocr_carea' id='block_1_14' title="bbox 962 1200 1357 1582">
    <p class='ocr_par' dir='ltr' id='par_1_28' title="bbox 962 1200 1357 1582">
     <span class='ocr_line' id='line_1_69' title="bbox 963 1200 1276 1241; baseline 0 -8"><span class='ocrx_word' id='word_1_172' title='bbox 963 1200 1015 1233; x_wconf 80' lang='lat' dir='ltr'>Tu</span> <span class='ocrx_word' id='word_1_173' title='bbox 1038 1201 1217 1241; x_wconf 82' lang='lat' dir='ltr'>margarita</span> <span class='ocrx_word' id='word_1_174' title='bbox 1241 1210 1276 1233; x_wconf 90' lang='lat' dir='ltr'>es</span> 
     </span>
     <span class='ocr_line' id='line_1_70' title="bbox 1012 1249 1357 1294; baseline 0.003 -14"><span class='ocrx_word' id='word_1_175' title='bbox 1012 1249 1187 1289; x_wconf 84' lang='lat' dir='ltr'>splendens</span> <span class='ocrx_word' id='word_1_176' title='bbox 1213 1249 1357 1294; x_wconf 87' lang='lat' dir='ltr'>mirifice,</span> 
     </span>
     <span class='ocr_line' id='line_1_71' title="bbox 965 1297 1263 1330; baseline -0.003 0"><span class='ocrx_word' id='word_1_177' title='bbox 965 1297 1123 1330; x_wconf 86' lang='lat' dir='ltr'>Coronam</span> <span class='ocrx_word' id='word_1_178' title='bbox 1150 1297 1263 1330; x_wconf 90' lang='lat' dir='ltr'>coelici</span> 
     </span>
     <span class='ocr_line' id='line_1_72' title="bbox 1012 1344 1292 1387; baseline 0.004 -10"><span class='ocrx_word' id='word_1_179' title='bbox 1012 1347 1097 1387; x_wconf 83' lang='lat' dir='ltr'>regis</span> <span class='ocrx_word' id='word_1_180' title='bbox 1122 1344 1292 1387; x_wconf 85' lang='lat' dir='ltr'>magnifice</span> 
     </span>
     <span class='ocr_line' id='line_1_73' title="bbox 963 1394 1308 1437; baseline -0.006 -9"><span class='ocrx_word' id='word_1_181' title='bbox 963 1395 1099 1437; x_wconf 74' lang='lat' dir='ltr'>Ornans,</span> <span class='ocrx_word' id='word_1_182' title='bbox 1125 1394 1308 1436; x_wconf 84' lang='lat' dir='ltr'>benigniter</span> 
     </span>
     <span class='ocr_line' id='line_1_74' title="bbox 1010 1443 1310 1484; baseline 0.007 -10"><span class='ocrx_word' id='word_1_183' title='bbox 1010 1443 1157 1475; x_wconf 82' lang='lat' dir='ltr'>turbatos</span> <span class='ocrx_word' id='word_1_184' title='bbox 1183 1443 1310 1484; x_wconf 85' lang='lat' dir='ltr'>respice</span> 
     </span>
     <span class='ocr_line' id='line_1_75' title="bbox 962 1491 1248 1525; baseline -0.003 0"><span class='ocrx_word' id='word_1_185' title='bbox 962 1494 1012 1525; x_wconf 88' lang='lat' dir='ltr'>Ac</span> <span class='ocrx_word' id='word_1_186' title='bbox 1036 1491 1248 1524; x_wconf 82' lang='lat' dir='ltr'>tribulamina</span> 
     </span>
     <span class='ocr_line' id='line_1_76' title="bbox 1011 1540 1262 1582; baseline 0.004 -10"><span class='ocrx_word' id='word_1_187' title='bbox 1011 1548 1120 1572; x_wconf 89' lang='lat' dir='ltr'>eorum</span> <span class='ocrx_word' id='word_1_188' title='bbox 1147 1540 1262 1582; x_wconf 90' lang='lat' dir='ltr'>abjice.</span> 
     </span>
    </p>
   </div>
   <div class='ocr_carea' id='block_1_15' title="bbox 961 1603 1357 1979">
    <p class='ocr_par' dir='ltr' id='par_1_29' title="bbox 962 1603 1357 1791">
     <span class='ocr_line' id='line_1_77' title="bbox 964 1603 1285 1637; baseline -0.003 -1"><span class='ocrx_word' id='word_1_189' title='bbox 964 1604 1011 1636; x_wconf 87' lang='lat' dir='ltr'>Te</span> <span class='ocrx_word' id='word_1_190' title='bbox 1037 1603 1120 1636; x_wconf 88' lang='lat' dir='ltr'>bene</span> <span class='ocrx_word' id='word_1_191' title='bbox 1147 1603 1285 1637; x_wconf 84' lang='lat' dir='ltr'>dixerim</span> 
     </span>
     <span class='ocr_line' id='line_1_78' title="bbox 1011 1655 1324 1696; baseline 0 -12"><span class='ocrx_word' id='word_1_192' title='bbox 1011 1655 1157 1684; x_wconf 84' lang='lat' dir='ltr'>catenam</span> <span class='ocrx_word' id='word_1_193' title='bbox 1183 1662 1324 1696; x_wconf 78' lang='lat' dir='ltr'>auream,</span> 
     </span>
     <span class='ocr_line' id='line_1_79' title="bbox 962 1701 1357 1743; baseline 0.003 -11"><span class='ocrx_word' id='word_1_194' title='bbox 962 1701 1050 1740; x_wconf 69' lang='lat' dir='ltr'>Quae</span> <span class='ocrx_word' id='word_1_195' title='bbox 1074 1703 1213 1733; x_wconf 87' lang='lat' dir='ltr'>mentem</span> <span class='ocrx_word' id='word_1_196' title='bbox 1241 1701 1357 1743; x_wconf 83' lang='lat' dir='ltr'>alligas</span> 
     </span>
     <span class='ocr_line' id='line_1_80' title="bbox 1010 1753 1318 1791; baseline 0.003 -10"><span class='ocrx_word' id='word_1_197' title='bbox 1010 1758 1030 1781; x_wconf 91' lang='lat' dir='ltr'>a</span> <span class='ocrx_word' id='word_1_198' title='bbox 1055 1758 1090 1781; x_wconf 89' lang='lat' dir='ltr'>se</span> <span class='ocrx_word' id='word_1_199' title='bbox 1120 1753 1318 1791; x_wconf 79' lang='lat' dir='ltr'>extraneam,</span> 
     </span>
    </p>

    <p class='ocr_par' dir='ltr' id='par_1_30' title="bbox 961 1798 1335 1880">
     <span class='ocr_line' id='line_1_81' title="bbox 961 1798 1261 1839; baseline -0.003 -9"><span class='ocrx_word' id='word_1_200' title='bbox 961 1798 1070 1830; x_wconf 84' lang='lat' dir='ltr'>Meam</span> <span class='ocrx_word' id='word_1_201' title='bbox 1095 1806 1155 1839; x_wconf 90' lang='lat' dir='ltr'>per</span> <span class='ocrx_word' id='word_1_202' title='bbox 1180 1798 1261 1831; x_wconf 85' lang='lat' dir='ltr'>vitia</span> 
     </span>
     <span class='ocr_line' id='line_1_82' title="bbox 1012 1845 1335 1880; baseline 0.003 -2"><span class='ocrx_word' id='word_1_203' title='bbox 1012 1845 1157 1880; x_wconf 84' lang='lat' dir='ltr'>effectam</span> <span class='ocrx_word' id='word_1_204' title='bbox 1184 1856 1335 1880; x_wconf 86' lang='lat' dir='ltr'>carneam</span> 
     </span>
    </p>

    <p class='ocr_par' dir='ltr' id='par_1_31' title="bbox 961 1895 1328 1979">
     <span class='ocr_line' id='line_1_83' title="bbox 961 1895 1251 1936; baseline -0.003 -8"><span class='ocrx_word' id='word_1_205' title='bbox 961 1895 1039 1928; x_wconf 89' lang='lat' dir='ltr'>Tuis</span> <span class='ocrx_word' id='word_1_206' title='bbox 1065 1896 1251 1936; x_wconf 77' lang='lat' dir='ltr'>precatibus</span> 
     </span>
     <span class='ocr_line' id='line_1_84' title="bbox 1008 1944 1328 1979; baseline 0.009 -3"><span class='ocrx_word' id='word_1_207' title='bbox 1008 1944 1113 1977; x_wconf 83' lang='lat' dir='ltr'>redde</span> <span class='ocrx_word' id='word_1_208' title='bbox 1142 1945 1328 1979; x_wconf 83' lang='lat' dir='ltr'>eburneam.</span> 
     </span>
    </p>
   </div>
   <div class='ocr_carea' id='block_1_16' title="bbox 984 2021 1408 2058">
    <p class='ocr_par' dir='ltr' id='par_1_32' title="bbox 984 2021 1408 2058">
     <span class='ocr_line' id='line_1_85' title="bbox 984 2021 1408 2058; baseline -0.002 -9"><span class='ocrx_word' id='word_1_209' title='bbox 984 2021 1204 2058; x_wconf 80' lang='lat' dir='ltr'>Capitulum</span> <span class='ocrx_word' id='word_1_210' title='bbox 1226 2031 1242 2050; x_wconf 94' lang='grc' dir='ltr'>ο</span> <span class='ocrx_word' id='word_1_211' title='bbox 1253 2025 1408 2050; x_wconf 81' lang='lat' dir='ltr'>ctavum.</span> 
     </span>
    </p>
   </div>
   <div class='ocr_carea' id='block_1_17' title="bbox 926 2071 1274 2105">
    <p class='ocr_par' dir='ltr' id='par_1_33' title="bbox 926 2071 1274 2105">
     <span class='ocr_line' id='line_1_86' title="bbox 926 2071 1274 2105; baseline -0.006 0"><span class='ocrx_word' id='word_1_212' title='bbox 926 2098 932 2105; x_wconf 94' lang='lat'>.</span> <span class='ocrx_word' id='word_1_213' title='bbox 960 2072 1010 2104; x_wconf 89' lang='lat' dir='ltr'>Tu</span> <span class='ocrx_word' id='word_1_214' title='bbox 1035 2071 1274 2105; x_wconf 86' lang='lat' dir='ltr'>Salomonicum</span> 
     </span>
    </p>
   </div>
   <div class='ocr_carea' id='block_1_18' title="bbox 957 2120 1449 2458">
    <p class='ocr_par' dir='ltr' id='par_1_34' title="bbox 961 2120 1449 2210">
     <span class='ocr_line' id='line_1_87' title="bbox 1008 2120 1449 2162; baseline 0.005 -10"><span class='ocrx_word' id='word_1_215' title='bbox 1008 2121 1175 2162; x_wconf 84' lang='lat' dir='ltr'>templum,</span> <span class='ocrx_word' id='word_1_216' title='bbox 1203 2130 1265 2162; x_wconf 85' lang='lat' dir='ltr'>quo</span> <span class='ocrx_word' id='word_1_217' title='bbox 1291 2120 1449 2154; x_wconf 88' lang='lat' dir='ltr'>Dominus</span> 
     </span>
     <span class='ocr_line' id='line_1_88' title="bbox 961 2169 1270 2210; baseline -0.006 -7"><span class='ocrx_word' id='word_1_218' title='bbox 961 2169 1140 2210; x_wconf 80' lang='lat' dir='ltr'>Complecti</span> <span class='ocrx_word' id='word_1_219' title='bbox 1165 2170 1270 2203; x_wconf 73' lang='lat' dir='ltr'>voluit</span> 
     </span>
    </p>

    <p class='ocr_par' dir='ltr' id='par_1_35' title="bbox 958 2219 1323 2302">
     <span class='ocr_line' id='line_1_89' title="bbox 1008 2219 1323 2260; baseline 0.003 -9"><span class='ocrx_word' id='word_1_220' title='bbox 1008 2228 1123 2251; x_wconf 86' lang='lat' dir='ltr'>novem</span> <span class='ocrx_word' id='word_1_221' title='bbox 1148 2219 1323 2260; x_wconf 88' lang='lat' dir='ltr'>mensibus,</span> 
     </span>
     <span class='ocr_line' id='line_1_90' title="bbox 958 2267 1257 2302; baseline -0.003 -1"><span class='ocrx_word' id='word_1_222' title='bbox 958 2267 1125 2302; x_wconf 76' lang='lat' dir='ltr'>Fulcitum</span> <span class='ocrx_word' id='word_1_223' title='bbox 1150 2268 1257 2300; x_wconf 78' lang='lat' dir='ltr'>aureis</span> 
     </span>
    </p>

    <p class='ocr_par' dir='ltr' id='par_1_36' title="bbox 957 2317 1336 2409">
     <span class='ocr_line' id='line_1_91' title="bbox 1011 2317 1336 2359; baseline 0.003 -10"><span class='ocrx_word' id='word_1_224' title='bbox 1011 2317 1166 2350; x_wconf 88' lang='lat' dir='ltr'>virtutum</span> <span class='ocrx_word' id='word_1_225' title='bbox 1192 2317 1336 2359; x_wconf 80' lang='lat' dir='ltr'>basibus,</span> 
     </span>
     <span class='ocr_line' id='line_1_92' title="bbox 957 2366 1306 2409; baseline 0 -10"><span class='ocrx_word' id='word_1_226' title='bbox 957 2366 1056 2399; x_wconf 76' lang='lat' dir='ltr'>Fusis</span> <span class='ocrx_word' id='word_1_227' title='bbox 1080 2375 1141 2408; x_wconf 86' lang='lat' dir='ltr'>per</span> <span class='ocrx_word' id='word_1_228' title='bbox 1167 2366 1306 2409; x_wconf 84' lang='lat' dir='ltr'>gratiam</span> 
     </span>
    </p>

    <p class='ocr_par' dir='ltr' id='par_1_37' title="bbox 1009 2415 1306 2458">
     <span class='ocr_line' id='line_1_93' title="bbox 1009 2415 1306 2458; baseline 0.01 -9"><span class='ocrx_word' id='word_1_229' title='bbox 1009 2415 1134 2449; x_wconf 84' lang='lat' dir='ltr'>aeterni</span> <span class='ocrx_word' id='word_1_230' title='bbox 1160 2416 1306 2458; x_wconf 85' lang='lat' dir='ltr'>spiritus.</span> 
     </span>
    </p>
   </div>
  </div>
 </body>
</html>
