1656 2674
720 93 987 130 —161—

177 192 235 226 15.
264 191 289 225 O
315 192 434 231 Maria,
462 197 576 234 portus
602 194 711 232 maris,

310 240 490 274 Sublevans
515 240 696 284 naufragia,

262 289 361 324 Sidus
388 290 512 323 clanim
537 290 724 334 appellaris

311 339 434 372 Mentis
459 340 585 380 pellens
610 339 728 377 tristia,

262 387 300 421 In
327 396 479 429 supremo
505 390 541 420 tu
565 388 684 421 locaris

308 436 420 469 Mater
445 437 542 469 simul
566 434 644 471 filia.

177 504 232 539 16.
262 504 286 538 O
313 504 431 541 Maria,
457 504 548 545 virgo
574 506 687 544 mater,

310 553 435 585 Mundo
460 555 634 593 praestans
660 553 789 596 gaudia,

262 600 426 636 Christum
444 602 588 642 gignens
610 602 664 642 qui
681 605 714 633 te
725 606 821 642 pater

310 650 406 683 Fecit
432 659 503 682 cum
528 650 684 691 potentia,

259 698 459 740 Deprecme,
481 708 524 730 ne
544 707 603 731 nos
629 702 700 731 ater

310 748 431 780 Puniat
455 747 495 779 ob
521 746 610 779 vitia.

177 816 232 849 17.
261 815 286 849 O
314 815 432 858 Maria,
461 816 588 848 clausus
614 815 726 847 hortus

310 863 472 904 Hortique
498 863 617 901 areola,

263 913 333 953 Qua
360 911 420 945 flos
444 912 538 945 nobis
559 914 607 943 est
634 914 774 952 exortus,

311 961 412 1001 Quem
437 959 550 993 fovisti
571 960 696 998 sedula,

259 1010 329 1050 Qui,
359 1018 431 1042 eum
456 1008 518 1041 fuit
545 1017 639 1042 cruce
664 1012 778 1049 torms,

309 1058 464 1091 Absolvit
488 1057 628 1099 piacula.

881 193 936 229 18.

880 504 935 538 19.

816 1154 879 1189 ΙΙΙ.

175 1244 233 1277 21.
259 1243 348 1275 Audi
373 1251 444 1280 nos,
468 1251 488 1274 o
512 1242 605 1283 virgo
630 1251 719 1282 vera,

309 1290 374 1324 Sed
400 1291 545 1333 gaudens
571 1291 741 1333 genimine,

246 1340 351 1375 Stella
376 1341 475 1378 clara,
502 1340 560 1373 lux
584 1339 618 1371 iu
642 1340 792 1380 sphaera,

309 1388 432 1422 Carens
459 1388 693 1429 obscuramine,

260 1438 450 1477 Praepolita
474 1440 510 1469 tu
535 1436 661 1469 minera

305 1486 470 1519 Virtutum
496 1485 677 1519 micamine.

173 1556 228 1588 22.
256 1554 347 1588 Audi
371 1563 439 1593 nos,
467 1554 524 1586 lux
549 1554 709 1593 veritatis,

306 1603 427 1637 Caecos
452 1602 655 1644 ignorantiis,

255 1652 343 1687 Phos
368 1651 536 1692 refulgens
561 1651 732 1690 east-itatis,

307 1700 422 1734 Carnis
450 1709 564 1733 carens
589 1700 688 1739 vitiis,

257 1750 347 1784 Fons
373 1750 552 1794 hortorum,
580 1748 726 1781 caritatis

307 1798 491 1832 Abundans
519 1797 654 1831 deliciis,

169 1868 227 1902 23.
252 1867 342 1901 Audi
368 1876 437 1906 nos,
466 1876 484 1899 o
511 1865 662 1907 fragrans
688 1873 772 1905 rosa,

303 1916 392 1949 Rosa
417 1915 599 1953 salutifera,

256 1964 355 2005 Cujus
380 1963 486 1998 forma
511 1964 660 2005 speciosa

303 2013 464 2054 Splendet
487 2014 562 2054 plus
580 2022 675 2054 quam
694 2013 813 2055 sidera,

255 2061 361 2097 Aufer
383 2062 500 2095 mundi
526 2061 701 2096 criminosa

301 2111 419 2153 Daque
442 2111 534 2152 pacis
559 2109 703 2145 foedera.

167 2182 224 2216 24.
251 2181 342 2215 Audi
366 2190 436 2219 nos,
464 2189 482 2212 ο
510 2179 709 2213 consolatrix

300 2230 420 2263 Amino
446 2229 669 2268 moerentium,

249 2280 460 2321 Maximeque
483 2278 696 2320 gubernam'x

298 2329 375 2363 Tibi
399 2329 622 2368 servientium,

251 2378 302 2412 Sis
328 2377 460 2413 virtutis
486 2378 703 2419 expugnatrix

299 2428 459 2462 Credulos
484 2427 695 2461 laedentium.

222 2491 358 2516 Dreves,
372 2489 504 2513 Udalricus
519 2488 730 2513 Wessofontanus.

878 1242 934 1275 25.

876 1865 931 1899 27.

874 2179 930 2212 28.

964 193 989 226 O
1015 193 1131 231 Maria,
1160 193 1301 234 gloriosa

1012 242 1121 275 Mater
1145 242 1261 274 summi
1286 242 1425 280 luminis,

963 290 1084 323 Potens
1097 293 1143 332 ,et
1164 291 1341 332 imperiosa

1012 342 1100 372 Arce
1124 340 1205 371 coeli
1232 339 1388 378 culminis,

962 386 1068 420 Aufer
1092 391 1205 420 nostra
1228 388 1346 421 vitiosa

1013 436 1054 468 Vi
1079 436 1128 468 tui
1152 436 1359 476 precaminis.

964 504 989 537 Ο
1015 503 1124 537 Maria
1148 505 1249 545 virgo,
1276 504 1391 545 gaude,

1012 553 1183 593 Materque
1210 551 1335 590 deifica,

965 600 1062 641 Cujus
1088 604 1242 633 resonant
1266 601 1299 633 in
1324 601 1423 633 laude

1011 649 1210 682 Devotorum
1234 650 1369 684 cantica,

962 697 1195 741 Depreeamur,
1219 701 1257 731 ut
1282 708 1303 730 a
1326 697 1444 730 fraude

1011 747 1079 779 Nos
1104 755 1294 787 praeserves
1318 746 1452 779 hostica.

964 814 988 847 Ο
1014 815 1132 857 Maria,
1159 815 1250 855 virgo
1272 817 1365 855 grata

1013 863 1217 904 Virtutisque
1242 863 1419 904 speculum,

964 910 1069 952 Super
1094 911 1200 943 coelos
1227 911 1378 955 exaltata,

1012 960 1079 1000 Quo
1105 969 1222 1000 regnas
1246 959 1280 991 in
1306 960 1481 1002 saeculum,

963 1008 1119 1041 Nostrum
1146 1009 1285 1040 clemens
1310 1008 1469 1040 advocata

1012 1056 1153 1089 Auferas
1180 1056 1370 1097 perieulum.

961 1241 1052 1274 Audi
1073 1249 1144 1277 neS,
1172 1241 1313 1272 clemens
1338 1241 1440 1281 regin:

1008 1289 1193 1330 Pauperum
1218 1289 1364 1321 solatium

960 1337 1006 1371 Et
1030 1338 1064 1370 in
1090 1337 1199 1379 Stygis
1227 1335 1359 1370 officina

1008 1386 1113 1419 Voces
1138 1388 1172 1418 te
1196 1387 1409 1429 precantium,

962 1434 1090 1468 Solutos
1117 1435 1223 1467 choris
1250 1435 1398 1467 combina

1008 1484 1105 1518 Coelo
1130 1483 1355 1516 habitantium.

925 1578 931 1585 .
960 1552 1050 1585 Audi
1073 1561 1142 1591 nOS,
1167 1561 1242 1592 spes
1269 1551 1450 1592 desperatis

1006 1601 1052 1633 Et
1077 1610 1195 1634 aurora
1219 1601 1368 1641 rutilans,

961 1649 1094 1683 Arcana
1120 1649 1301 1682 divinitatis

1009 1699 1048 1731 In
1074 1700 1239 1731 aeternum
1264 1699 1447 1738 speculans,

962 1747 1045 1781 Esto
1072 1746 1328 1782 Christianitatis

1006 1795 1218 1828 Tribulamen
1243 1794 1426 1829 sublevans.

958 1864 1049 1898 Audi
1071 1872 1140 1903 nOS,
1168 1863 1260 1905 virgo
1289 1863 1418 1904 deeora,

1009 1913 1110 1954 Virgo
1136 1912 1377 1957 praeamabssis,

960 1961 1071 1996 Plebis
1096 1970 1157 2003 per
1183 1961 1346 1994 credentis
1373 1959 1446 1993 fora

1009 2010 1158 2044 Laudum
1183 2011 1309 2051 pollens
1331 2009 1445 2054 titulis,

959 2060 1072 2094 Stillas
1097 2060 1223 2102 gratiae
1248 2059 1355 2092 irrora,

1010 2108 1114 2142 Nobis
1140 2109 1204 2140 tuis
1232 2107 1371 2141 famulis.

958 2178 1047 2211 Audi
1071 2186 1141 2218 nOS,
1169 2186 1187 2210 o
1213 2177 1312 2209 laude
1338 2177 1436 2218 digna

1009 2226 1198 2260 Creatorum
1221 2226 1372 2266 omnium,

957 2276 1059 2310 Tuum
1085 2273 1215 2309 auferat
1238 2275 1382 2316 maligna

1006 2325 1101 2358 Pium
1125 2324 1342 2365 patrocinium

956 2375 1003 2409 Et
1027 2375 1070 2408 ad
1096 2374 1143 2407 tui
1164 2383 1223 2407 nos
1251 2374 1404 2416 consigna

1007 2424 1087 2459 Filii
1114 2423 1322 2457 consortium.

1306 2480 1341 2510 11
