1656 2674
222 163 284 198 14.
313 159 338 197 Ο
362 165 466 195 mater
491 162 623 203 gratiae,

352 219 437 243 nunc
460 213 517 242 tua
541 210 645 250 gratia

302 259 405 292 Nobis
429 257 647 291 moerentibus

354 307 452 340 donet,
475 306 630 347 salubria,

302 355 386 388 Nam
411 354 524 387 turbat
547 353 719 394 multiplex

354 412 413 435 nos
436 403 502 443 jam
526 402 668 442 miseria,

303 451 400 484 Foris
424 451 617 491 adversitas,

345 500 433 533 intus
460 499 633 532 discordia.

300 563 504 602 Paradisiaci

351 615 456 656 campi
482 624 500 647 0
525 614 645 654 rosula,

298 664 464 705 Fragrans
489 662 665 696 virtutibus

347 714 463 745 cuncta
487 720 547 752 per
572 710 711 755 saecula,

298 760 376 792 Tuis
401 759 596 800 precatibus,

346 817 364 841 ο
389 812 495 840 mater
519 808 643 848 sedula,

296 857 345 889 Te
368 857 590 889 venerantium

345 903 437 938 aufer
460 905 599 945 piacula.

218 567 273 601 15.

214 972 270 1006 16.
298 969 387 1011 Quae
413 981 497 1004 nunc
520 972 554 1004 in
579 970 640 1004 filii

345 1020 491 1053 consides
518 1020 671 1060 dexteris,

297 1068 345 1101 Te
371 1069 630 1101 collaudantibus

342 1125 494 1149 succurre
517 1117 655 1159 misem,

295 1164 345 1197 Ne
369 1168 444 1205 post
463 1165 622 1205 judicium

340 1213 509 1245 tradamur
536 1212 661 1256 inferis,

294 1260 358 1294 Sed
384 1261 447 1293 tuis
472 1262 596 1294 meritis

338 1309 511 1350 Jungamur
537 1309 674 1350 superis.

210 1376 267 1410 17.
292 1372 382 1410 Rosa
407 1376 564 1409 mirabilis

343 1428 376 1457 et
399 1424 578 1462 salutifera.

295 1474 335 1506 In
360 1474 604 1514 pulchritudine

341 1522 542 1562 praecellens
568 1522 687 1565 sidera,

761 63 1026 99 —122—

922 373 978 407 18.

919 779 974 813 19.

913 1186 970 1220 20.

1008 159 1112 193 Nobis
1140 159 1330 200 degentibus

1054 207 1089 239 in
1113 208 1200 240 valle
1224 208 1344 239 misera

1006 255 1096 288 Tuae
1123 255 1313 288 clementiae

1053 305 1189 338 ostende
1214 304 1350 337 viscera.

1006 368 1116 412 Stirps
1142 381 1160 405 o
1185 371 1356 414 mirabilis,

1052 420 1324 453 inaestimabilem

1004 467 1160 501 Fructum
1184 469 1370 510 parturiens

1055 519 1088 549 et
1111 517 1317 557 ineffabilem,

1004 565 1084 599 Tuis
1109 566 1297 606 precatibus

1048 616 1141 646 sanet
1165 614 1370 658 medebilem‚

1003 661 1144 696 Servans
1168 664 1204 696 in
1225 667 1392 704 posterum

1049 711 1363 751 imperturbabilem.

1003 776 1054 813 Tu
1078 781 1174 813 modo
1202 780 1337 821 cyclade

1051 827 1157 861 cincta
1181 838 1357 870 purpurea,

1001 875 1127 917 Regina
1151 877 1275 910 resides

1049 924 1128 956 sede
1152 926 1314 969 aetherea,

1000 972 1143 1005 Tuorum
1170 975 1316 1007 exsulum

1049 1021 1126 1054 audi
1151 1023 1303 1064 suspiria,

1001 1069 1086 1109 Quos
1112 1072 1203 1112 angit
1229 1072 1337 1104 valide

1047 1118 1125 1151 boni
1149 1120 1297 1161 penuria.

997 1182 1104 1227 Virga
1128 1187 1274 1220 Jesseica

1046 1234 1087 1266 de
1112 1236 1215 1276 stirpe
1239 1237 1406 1278 prodiens,

995 1282 1080 1315 Vina
1107 1283 1294 1317 dulcissima

1044 1331 1175 1373 Olympi
1199 1333 1352 1375 largiens,

994 1379 1047 1412 En
1070 1380 1113 1412 ad
1138 1384 1172 1413 te
1198 1381 1344 1414 clamitat

1043 1437 1134 1460 mens
1159 1439 1232 1462 mea
1257 1430 1382 1474 sitiens,

996 1476 1097 1516 Quam
1122 1479 1167 1510 sis
1195 1479 1236 1511 de
1261 1480 1386 1520 gratiae

1040 1524 1131 1558 fonte
1155 1526 1316 1563 reficiens

288 1598 368 1627 Orat.
390 1607 444 1626 ms.
460 1599 643 1635 Tegurinum
662 1608 737 1628 saec.
758 1599 803 1628 15.
820 1599 892 1628 olm.
906 1601 1026 1629 Monac.
1049 1600 1085 1630 19
1094 1599 1160 1631 824.
1181 1604 1233 1632 fol.
1254 1603 1293 1633 48
1311 1605 1340 1633 b.
1354 1606 1391 1634 A.
1413 1622 1452 1627 -
1474 1607 1556 1635 Orat.

210 1646 264 1665 ms.
284 1638 468 1673 Tegurinum
490 1646 566 1666 saec.
590 1636 634 1666 15.
658 1637 732 1666 Clm.
752 1639 924 1667 Monacens.
948 1637 1048 1668 20001
1070 1640 1121 1669 fol.
1149 1641 1204 1671 112
1227 1644 1254 1672 b.
1274 1644 1309 1672 Β.

675 1742 723 1775 33.
765 1742 979 1776 Abecedarius
999 1744 1081 1776 VIII.

233 1820 266 1856 1.
296 1818 380 1864 Ave,
408 1831 503 1862 quam
526 1822 647 1863 Jugiter

340 1870 454 1902 laudat
479 1871 626 1911 ecclesia,

293 1917 470 1950 Laetanter
494 1919 645 1951 intonans

343 1969 399 1999 tua
423 1967 608 2007 praeconia,

294 2015 420 2047 Auditu
444 2016 588 2058 percipe,

341 2072 358 2095 o
386 2063 525 2096 clemens
553 2065 693 2110 domina,

293 2111 381 2152 Quae
404 2112 491 2144 laete
517 2114 659 2145 canimus

341 2160 433 2200 epica
459 2162 611 2195 carmina.

233 2226 266 2259 2.
291 2222 446 2268 Benedic‚
471 2227 621 2269 Domina,

338 2283 397 2307 nos
422 2278 494 2308 tuos
520 2275 668 2318 famulos,

291 2321 330 2354 111
354 2323 418 2356 tuis
443 2324 594 2357 laudibus

342 2371 468 2404 omnino
494 2373 634 2418 sedulos,

995 1827 1027 1858 A
1050 1828 1171 1860 nostris
1197 1827 1316 1862 finibus

1049 1875 1195 1916 depellas
1221 1879 1364 1911 aemulos

998 1922 1058 1963 Qui
1084 1926 1312 1966 multipliciter

1045 1973 1222 2007 molestant
1247 1976 1407 2012 credulos.

936 2040 968 2073 3.
999 2036 1112 2081 Campi
1138 2043 1302 2082 graminea

1044 2091 1079 2121 tu
1106 2098 1139 2121 es
1166 2091 1327 2133 viriditas,

996 2137 1065 2178 Qua
1090 2142 1178 2171 certe
1204 2140 1346 2173 vincitur

1047 2188 1212 2228 smaragdi
1236 2189 1380 2230 claritas,

994 2233 1122 2275 Nempe
1147 2237 1295 2277 virginea

1045 2285 1100 2315 tua
1125 2285 1317 2330 maternitas

995 2329 1106 2363 Vincit
1131 2333 1364 2367 carbunculum

1043 2388 1250 2423 gemmasque
1275 2387 1412 2419 ceteras.
