1656 2674
753 87 996 124 —35—

850 236 891 272 V.

902 325 961 359 46.
987 325 1069 368 Ave,
1098 325 1188 366 cujus
1215 323 1315 357 facies

1037 373 1150 407 Coetui
1175 377 1362 407 sanctorum

985 422 1106 455 Exstat
1129 422 1213 454 mira
1237 423 1337 455 saties

1034 471 1074 503 In
1098 479 1198 510 regno
1225 471 1397 515 coelorum,

985 519 1180 552 Nostrorum
1206 519 1250 551 sis
1274 520 1410 561 requies,

1034 568 1165 610 Precor,
1196 567 1433 606 defunctorum,

986 615 1071 655 Quos
1097 616 1205 649 adhuc
1230 617 1383 649 sordities

1035 664 1159 698 Gra-vat
1183 668 1402 705 peccatorum.

195 322 252 356 41.
281 323 364 363 Ave,
392 331 410 354 0
436 322 590 355 viaticum

331 371 447 412 Populi
474 372 577 412 egeni,

282 419 423 453 Chorum
449 429 587 460 pascens
615 420 770 453 coelicum

330 468 464 501 Ordinis
486 468 616 508 noveni,

281 516 413 550 Alimen
437 516 612 556 vivificum,

330 564 399 597 Nos
425 574 543 598 sanare
566 565 651 606 veni,

281 614 383 647 Omne
407 614 568 647 mundans
594 613 755 646 lubricum

328 661 474 695 Affectus
500 662 633 695 terreni.

192 746 250 778 42.
278 745 361 784 Ave,
388 742 473 785 fons,
500 754 563 786 quo
586 742 723 777 fiumina
900 747 958 779 47.
985 747 1067 782 Ave,
1095 747 1174 780 Jesu
1198 748 1326 788 requies

327 792 453 825 Fluunt
476 794 666 834 gratiarum,
1033 795 1120 828 Vera
1143 795 1325 835 beatorum.

278 841 367 881 Quae
391 842 552 874 mundant
577 843 746 875 cavamina
985 843 1106 883 Quibus
1131 852 1270 885 regnans
1296 845 1466 885 praesides

327 889 618 931 Conscientiarum,
1031 892 1068 924 In
1094 902 1193 934 regno
1216 894 1387 933 coelorum,

263 937 355 971 Audi
380 939 608 979 suspiramina.
982 940 1101 973 Preces
1128 941 1205 973 audi
1229 942 1393 982 supplices

327 987 457 1030 Precor,
485 988 666 1020 animarum

274 1035 462 1075 Degentum
488 1036 528 1069 ob
557 1036 693 1069 crimina

324 1083 363 1116 In
386 1084 466 1116 locis
493 1093 680 1125 poenarum.

187 1167 245 1200 43.
273 1166 356 1206 Ave,
384 1166 444 1207 sol,
471 1175 566 1207 quem
591 1166 704 1207 genuit

321 1214 449 1248 Mundo
474 1216 575 1247 maris
600 1215 707 1256 stella,

274 1264 354 1297 Cum
379 1266 414 1295 te
441 1272 538 1296 carne
563 1263 671 1296 induit

323 1312 455 1344 Ventris
479 1312 516 1344 in
541 1312 674 1351 arcella,

269 1360 383 1402 Adsis,
410 1361 487 1402 quia
511 1361 618 1402 tepuit

320 1409 444 1448 Virtus,
472 1411 610 1452 surgunt
633 1409 732 1450 bella,

269 1457 401 1498 Ubique
424 1458 590 1499 increpuit

316 1506 483 1539 Malorum
508 1506 667 1548 procella.

1030 989 1143 1022 Mente
1168 989 1381 1034 turbatorum,

982 1037 1067 1077 Quos
1092 1038 1214 1078 premit
1242 1039 1394 1072 saevities

1030 1086 1316 1122 Adversariorum.

948 1194 954 1201 .
980 1167 1063 1207 Ave,
1090 1168 1169 1201 Jesu
1196 1169 1305 1210 janua,

1029 1217 1093 1249 Per
1119 1226 1215 1258 quam
1240 1227 1320 1259 grex
1342 1220 1504 1259 ¹justorum

980 1265 1070 1298 Coeli
1095 1266 1224 1298 scandit
1250 1267 1354 1299 ardua

1026 1313 1130 1347 Donis
1155 1315 1357 1355 meritorum,

979 1361 1028 1394 Te
1051 1363 1223 1396 laudantes
1251 1372 1370 1396 cernua

1027 1410 1114 1444 Voce
1139 1411 1202 1444 hac
1226 1412 1429 1453 hymnorum,

977 1459 1144 1493 Perducas
1168 1460 1212 1492 ad
1236 1470 1360 1501 pascua

1024 1509 1359 1543 Praedestinatorum.

182 1590 239 1623 44.
269 1590 350 1629 Ave,
377 1598 396 1621 o
422 1588 586 1631 frugifera
891 1590 948 1624 49.
976 1591 1060 1631 Ave,
1085 1600 1167 1624 vera
1190 1591 1334 1634 claritas,

316 1637 397 1671 Olea
423 1639 583 1682 coelestis,
1025 1639 1114 1679 Quae
1137 1640 1299 1682 pallorem
1324 1641 1440 1676 nescis.

266 1687 337 1727 Qua
361 1685 494 1728 fugatur
520 1687 620 1721 effera
976 1687 1045 1728 Qua
1071 1688 1203 1731 fugatur
1227 1688 1356 1722 falsitas

313 1734 517 1769 Delictorum
543 1735 656 1778 pestis,
1022 1738 1248 1778 Mentiumque
1272 1739 1387 1780 pestis,

264 1784 411 1817 Inimicis
439 1785 576 1818 dextera
973 1785 1044 1818 Tua
1068 1789 1216 1827 praestet
1240 1787 1347 1827 pietas

313 1833 419 1867 Obvia
442 1833 585 1876 infestis,
1022 1834 1236 1869 Consolamen
1261 1837 1404 1878 maestis,

261 1882 356 1917 Patri
380 1892 439 1916 nos
468 1882 665 1917 confoedera
974 1883 1060 1923 Quos
1085 1887 1202 1926 gravat
1227 1885 1412 1919 adversitas

309 1931 355 1964 Et
381 1941 537 1966 succurre
562 1932 706 1966 maestis.
1020 1933 1167 1967 Motibus
1193 1934 1348 1967 molestis.

173 2018 232 2051 45.
259 2017 342 2056 Ave,
372 2025 471 2049 causa
495 2017 649 2057 omnium,
887 2017 943 2050 50.
970 2017 1053 2058 Ave,
1088 2016 1299 2050 servientium

306 2064 444 2099 Bonitas
471 2068 505 2098 et
529 2065 609 2106 vita,
1020 2066 1096 2099 Tibi
1122 2066 1311 2110 tutelamen,

245 2114 386 2156 Tibique
413 2114 618 2149 credentium
971 2115 1092 2156 Virtus,
1120 2116 1203 2156 laus,
1231 2116 1383 2148 solatium

307 2163 404 2197 Salus
429 2162 570 2206 infinita,
1018 2164 1129 2205 Atque
1152 2163 1372 2206 sublevamen,

244 2213 349 2247 Nobis
376 2213 625 2247 adversantium
970 2213 1009 2246 In
1034 2214 1148 2255 poenis
1177 2213 1364 2255 degentium

306 2262 430 2296 Cohors
456 2263 501 2295 sit
526 2262 677 2304 contrita,
1016 2263 1116 2296 Audi
1131 2262 1346 2304 suspiramen,

254 2312 301 2345 Et
324 2321 384 2345 nos
410 2312 454 2345 ad
481 2312 680 2346 consortium
968 2312 1055 2353 Ipsis
1083 2312 1164 2345 dans
1192 2313 1390 2346 consortium

306 2360 474 2395 Justorum
500 2362 608 2395 invita
1019 2361 1099 2395 Cum
1125 2361 1247 2395 electis.
1301 2363 1418 2396 Amen.

245 2430 330 2459 Orat.
351 2439 407 2459 ms.
427 2431 573 2468 Tegurin.
595 2438 675 2458 saec.
698 2428 744 2459 15.
766 2430 842 2460 Glm.
865 2429 1041 2458 Monacens.
1063 2428 1099 2459 19
1108 2427 1167 2459 824
1186 2429 1237 2458 fol.
1259 2428 1318 2459 128
1337 2431 1367 2460 b.

1306 2478 1350 2508 3ss
