1656 2674
110 116 168 149 13.
194 111 243 150 Ne
268 115 355 148 sinas
381 113 519 154 famum,

244 173 262 197 o
290 163 393 196 dulcis
421 162 559 203 domina,

192 213 298 246 Aulae
323 211 470 244 sidereae

242 260 412 301 praecludi
437 259 559 299 limina,

195 308 260 343 Sed
285 309 354 341 illic
378 308 532 341 mentium

241 365 301 398 per
323 356 515 397 jubilamina

193 405 317 439 Laudis
340 408 517 446 perpetuae

242 463 391 487 canamus
423 453 575 486 carmina.

108 523 167 557 14.
196 518 221 557 0
251 523 457 555 castimoniae

245 571 440 603 candescens
464 569 578 611 lilium,

190 620 254 653 Pro
277 619 370 652 nobis
396 618 502 660 rogita

241 666 392 700 dilectum
417 665 529 706 filium,

191 715 238 750 Ut
262 724 339 748 suae
360 715 483 756 gratiae

239 767 386 804 praestet
410 763 564 797 auxilium

190 811 304 855 Nobis,
333 822 411 854 quos
437 812 578 853 graviter

241 862 360 901 premit
385 861 542 895 exsilium.

107 929 163 963 15.
188 925 263 962 Poli
289 936 476 969 empyreum

237 980 294 1009 tua
320 976 507 1017 praesentia

191 1025 329 1065 Gaudet,
356 1025 412 1057 sed
436 1024 589 1065 precibus

237 1074 300 1105 tuis
327 1073 473 1113 ecclesia,

190 1121 291 1161 Quam
317 1125 349 1153 et
373 1130 458 1154 nunc
482 1124 654 1162 protegant

236 1172 293 1202 tua
316 1169 482 1210 praesidia

188 1218 384 1258 oppressam
408 1220 552 1259 graviter

236 1275 297 1306 per
321 1266 406 1299 mala
431 1267 530 1299 varia.

107 1333 162 1367 16.
191 1332 338 1374 Quietem
362 1333 462 1374 igitur

241 1382 283 1414 da
306 1382 531 1415 laborantibus

187 1430 233 1463 Et
255 1431 367 1463 mundi
392 1430 507 1472 pelago

232 1488 300 1518 Jam
330 1478 606 1520 naufragantibus,

192 1527 329 1560 Praesta
354 1528 559 1561 concordiam

235 1584 318 1608 vane
342 1576 524 1608 rixantibus

188 1624 239 1656 Ac
262 1633 375 1665 pacem
401 1628 580 1665 temporum

235 1673 489 1713 inpedientibus.

753 14 825 50 120
878 33 923 38 —-

815 112 858 147 17
863 137 869 144 .
895 109 988 146 Rosa
1011 110 1231 152 pulcherrima

809 519 866 554 18.

805 927 861 962 19.

807 1335 864 1368 20.

947 159 1095 193 coelestis
1120 158 1252 200 hortuli,

888 209 996 243 Odore
1020 207 1172 241 redolens

943 256 1184 297 inaestimabili,

896 306 963 346 Quo
989 303 1055 338 frui
1081 305 1216 346 cupiunt

942 354 1031 387 beati
1056 353 1185 395 sing-uli,

895 402 930 436 Si
955 403 1037 435 bene
1062 401 1176 446 sentio,

944 454 976 483 et
1000 451 1103 483 sancti
1131 450 1246 491 angeli.

894 517 1063 560 Serpentis
1089 519 1184 559 abige

942 568 1014 601 cani
1039 568 1201 607 astutiam⁷

893 617 953 658 Qui
976 620 1121 650 sanctam
1145 614 1323 656 plurimum

940 664 1053 698 turbat
1079 665 1260 707 ecclesiam,

889 714 929 747 In
951 723 1008 747 nos
1033 722 1109 746 nam
1135 713 1256 746 excitat

939 764 1067 804 gentem
1092 762 1296 803 paganicam,

891 811 943 843 Ab
970 811 1057 843 intus
1087 810 1223 843 suscitat

938 859 1035 891 vilem
1061 858 1270 892 discordiam.

889 925 1002 962 Totius
1028 928 1150 960 saeculi

937 976 1051 1017 regina
1073 975 1197 1015 inclita,

889 1024 1022 1058 Cunctis
1046 1023 1223 1056 virtutibus

937 1070 1085 1112 perfecte
1109 1072 1269 1113 praedita.

891 1120 959 1154 Nos
984 1121 1048 1153 tuis
1074 1120 1227 1162 precibus

940 1178 1069 1209 semper
1093 1168 1273 1202 concomita

891 1218 1054 1258 Vagantes
1079 1218 1200 1250 misere

938 1275 1000 1307 per
1024 1267 1138 1300 mundi
1165 1266 1306 1299 climata.

891 1330 1006 1375 Virgo,
1033 1334 1192 1375 suscipias

938 1386 1086 1415 nostrum
1110 1383 1288 1427 servitium,

891 1431 983 1472 Quod
1009 1440 1095 1464 nunc
1116 1431 1280 1464 offerimus

940 1488 1001 1520 per
1024 1480 1141 1513 mentis
1168 1480 1310 1513 studium

891 1528 952 1561 Uti
977 1529 1112 1568 abjicias

942 1586 1036 1610 omne
1065 1576 1224 1619 flagitium

891 1625 1002 1666 Atque
1025 1625 1169 1659 finaliter

944 1673 1000 1707 des
1026 1675 1115 1708 vitae
1139 1675 1330 1716 praemium.

182 1749 263 1778 Orat.
285 1759 338 1778 ms.
354 1750 538 1786 Tegurimuu
559 1759 636 1778 saec.
660 1748 704 1778 15.
723 1750 797 1780 Olm.
810 1751 930 1779 Monac.
953 1749 1057 1780 19824
1077 1751 1129 1779 fol.
1150 1750 1185 1780 47
1209 1753 1239 1781 b.
1261 1752 1296 1780 A.
1318 1768 1355 1773 —
1378 1752 1461 1782 Orat.

101 1796 156 1816 ms.
183 1789 365 1824 'Peg-urinum
386 1797 463 1817 saec.
487 1787 532 1818 15.
556 1789 629 1818 Olm.
650 1790 823 1819 Monacens.
846 1788 947 1820 20001
970 1790 1020 1819 fol.
1044 1789 1100 1820 110
1122 1791 1157 1819 Β.

584 1901 631 1935 32.
673 1903 889 1936 Abecedarius
910 1903 976 1936 VH.

131 1983 161 2018 1.
189 1981 262 2018 Ave
287 1984 471 2025 tripudians

239 2041 311 2065 cum
338 2033 425 2066 dulci
448 2032 515 2066 filio

187 2080 233 2113 Et
258 2082 377 2114 sanctis
403 2082 549 2115 omnibus

238 2128 272 2160 in
299 2131 380 2162 coeli
401 2130 490 2172 solio,

190 2177 259 2211 Isto
287 2178 476 2219 degentibus

238 2226 272 2257 in
295 2227 459 2260 territorio

192 2273 291 2307 Adsis
318 2275 467 2308 celeriter

237 2324 291 2355 tuo
317 2323 493 2364 praesidio,

834 1988 866 2021 2.
894 1983 991 2021 Beati
1012 1987 1155 2028 jubilant

944 2045 1069 2068 summa
1090 2037 1218 2070 laetitia

894 2084 945 2117 De
969 2087 1026 2118 tua
1049 2086 1170 2128 jugiter

947 2133 1034 2166 dulci
1059 2135 1258 2175 praesentia,

894 2182 960 2215 Pro
985 2185 1019 2214 te
1045 2183 1213 2216 extollitur

944 2229 1009 2263 Dei
1031 2231 1215 2274 clementia,

899 2279 961 2319 Qui
986 2280 1048 2312 tibi
1074 2280 1213 2314 contulit

945 2330 994 2360 tot
1018 2327 1188 2364 beneficia.
