1656 2674
182 155 214 187 8.

159 812 214 845 10.

159 1140 214 1173 11.

158 1754 189 1786 1.

711 55 954 91 —46—

242 152 300 185 Tu
326 162 441 187 aureus
466 154 674 196 chrysolitus,

243 201 325 240 Quia
350 203 509 236 scintillas
536 202 671 236 coelitus

292 250 344 283 Ex
371 254 404 283 te
430 252 552 284 emittis
577 251 710 290 homini,

243 299 307 332 Per
333 303 365 331 te
390 300 522 341 fugatur
549 300 636 333 ocius

242 347 354 380 Timor
379 351 556 382 nocturnus
580 349 695 381 noxius

290 396 407 437 Ruptis
432 398 549 430 vinclis
577 397 710 430 diaboli.

208 509 214 515 .
242 482 289 515 In
314 483 441 524 beryllo
467 493 525 517 sex
551 484 661 524 anguli

243 530 323 563 Sunt
350 541 421 564 cum
446 533 573 573 pallore
604 532 704 565 viridi

291 579 487 613 Refieientes
513 581 634 621 oeulos,

244 627 297 660 Sic
323 638 380 661 sex
403 629 504 662 verba
531 628 667 669 consilii,

244 676 332 716 Quae
357 686 413 710 ore
438 677 567 718 profers
594 677 718 720 humili,

290 726 433 758 Pascunt
458 729 490 759 et
514 728 630 759 sanant
650 728 798 767 populos.

243 811 509 845 Muneribus
535 812 686 846 flentibus

241 859 291 891 Tu
318 869 350 892 es
373 859 461 893 facta
487 861 644 902 topazius,

290 908 405 941 Undas
430 907 544 941 flentes
569 909 732 952 mitigans,

242 956 303 997 Qui
329 957 452 989 cunctis
480 966 551 989 cum
576 957 740 997 lapidibus

243 1005 281 1037 In
310 1005 418 1037 colore
443 1005 635 1047 simillimus,

294 1052 348 1085 Sic
367 1053 515 1086 Christus
537 1055 571 1087 in
588 1056 622 1085 ‘te
638 1054 799 1089 habitans

242 1139 291 1171 Et
317 1140 551 1182 chrysopassus
577 1141 703 1182 viridis,

244 1187 351 1221 Guttis
378 1198 548 1230 respersus
575 1190 692 1230 aureis,

289 1238 361 1270 Tua
386 1236 467 1271 felix
494 1242 543 1270 est
566 1238 684 1278 anima,

240 1285 345 1318 Utens
372 1286 443 1318 visu
470 1295 541 1318 cum
567 1286 691 1327 angelis

240 1333 448 1375 Fulgensque
474 1338 548 1367 actu
573 1334 713 1366 hominis

290 1383 330 1415 In
355 1384 522 1423 praesenti
547 1383 694 1416 ecclesia.

865 155 918 188 12.
946 152 1213 185 Benedictus
1244 150 1286 183 sit
1311 150 1480 189 Dominus,

862 484 916 517 13.

861 813 916 846 14.

862 1142 916 1175 15.

946 201 1006 241 Qui
1031 201 1142 241 posuit
1165 200 1200 233 in
1226 199 1376 232 manibus

996 249 1075 281 Tuis
1095 248 1275 289 jacinthum
1302 247 1457 291 nobilem,

947 297 1007 338 Qui
1034 297 1142 330 clarus
1167 296 1207 330 fit
1232 299 1265 329 et
1289 296 1433 329 nubibus

947 346 1040 379 Sicut
1066 346 1153 379 color
1180 348 1304 388 aereus,

997 394 1051 428 Sic
1076 398 1110 427 te
1131 393 1253 428 formas
1271 394 1314 426 ad
1331 394 1505 426 hominem.

944 482 1133 515 Fructus
1157 486 1230 514 tuus
1256 489 1408 513 rosaceus

947 530 1025 563 Cum
1051 531 1139 564 viola
1161 538 1345 572 purpureus

991 579 1056 612 Est
1080 580 1262 620 amethysto
1287 578 1414 619 similis,

946 628 1007 667 Qui
1030 628 1115 669 lapis
1142 631 1191 660 est
1217 627 1397 661 contrarius

947 676 1078 709 Cunctis
1104 676 1327 718 ebrietatibuS,

994 725 1048 758 Sic
1072 725 1176 758 virtus
1202 725 1298 766 hujus
1323 724 1471 765 virginis.

944 811 972 843 V
983 821 1001 844 e
1009 822 1031 844 n
1041 814 1054 843 t
1064 813 1126 844 ris
1153 812 1288 845 thronus
1316 810 1486 854 eburneus,

944 860 1083 893 Ornatus
1109 860 1161 892 his
1186 859 1353 901 lapidibus

980 908 1036 940 Fit
1061 908 1243 941 Salomonis
1269 907 1382 947 sessio,

947 956 1007 996 Qui
1035 959 1084 989 est
1107 965 1204 989 verus
1230 954 1385 997 pacificus

945 1005 1016 1037 Nec
1038 1014 1103 1038 non
1128 1005 1218 1037 Deus
1243 1003 1444 1045 magnificus=

994 1054 1045 1086 Ac
1067 1052 1199 1094 profugi
1223 1052 1395 1093 regressio.

945 1139 1024 1172 Tui
1048 1140 1176 1181 indigni
1206 1140 1329 1173 servuli

943 1188 1093 1229 Auctrix,
1120 1189 1261 1229 suscipe,
1289 1188 1398 1220 meriti

994 1237 1242 1278 Pauperrimum
1267 1236 1505 1277 compendium.

947 1285 1041 1324 Quod
1065 1285 1126 1318 tibi
1151 1285 1246 1318 offert.
1267 1285 1399 1326 virgini,

947 1333 994 1366 Ut,
1017 1332 1077 1366 fiat
1100 1334 1147 1366 tui
1172 1333 1234 1366 filii

997 1382 1154 1415 Ornatum
1180 1382 1411 1415 habitaculum.

234 1468 314 1497 Orat.
339 1478 393 1496 m...
407 1470 609 1506 Tegrinsense
629 1477 707 1496 saec.
726 1467 770 1497 15.
788 1468 851 1496 Olm
875 1469 1048 1497 Mnnaeens.
1070 1466 1169 1497 20001
1188 1469 1239 1497 fol.
1254 1466 1291 1496 89
1307 1468 1325 1495 b
1340 1477 1404 1505 sqq.
1419 1469 1454 1497 A.
1471 1484 1508 1488 —

157 1507 238 1536 Orat.
260 1516 314 1535 ms.
336 1508 535 1544 Togrinsense
557 1515 635 1535 saec.
656 1506 699 1535 15.
723 1508 796 1536 Clm.
818 1508 935 1536 Monac..
958 1505 1059 1535 19824
1079 1507 1129 1536 fol.
1153 1506 1208 1536 170
1230 1517 1256 1536 a.
1277 1508 1311 1535 B.

557 1660 598 1693 15.
639 1660 714 1692 Alia
736 1660 839 1693 oratio
863 1660 900 1693 de
919 1659 980 1691 BV.
1002 1659 1115 1692 Maria.

218 1751 326 1794 Salve,
352 1752 456 1796 virgo,
484 1751 647 1794 virginum
673 1752 788 1794 gloria,

215 1800 321 1842 Salve,
350 1801 452 1842 virgo,
479 1801 637 1834 virtutum
663 1802 767 1843 copia,

214 1848 412 1883 Multiformi
438 1848 581 1883 fecunda
605 1850 722 1892 gratia,

263 1897 363 1939 Virgo
389 1908 482 1939 pura.

213 1945 320 1988 Salve,
345 1946 409 1979 Dei
434 1950 539 1980 mater
566 1949 599 1979 et,
623 1946 702 1991 filia,

215 1994 322 2036 Salve,
350 1998 429 2028 nata
456 1995 497 2028 de
523 1995 628 2036 stirpe
653 1996 754 2038 regia,

213 2043 258 2075 Et
283 2043 317 2076 in
342 2046 440 2084 partu
468 2043 590 2078 doloris
615 2045 727 2077 nescia

253 2092 374 2125 Contra
395 2093 480 2133 jura.

181 2196 187 2203 .
215 2167 321 2210 Salve,
348 2170 451 2212 virgo,
479 2171 617 2212 pudoris
642 2171 757 2211 lilium,

215 2217 321 2257 Supra
348 2218 463 2251 choros
488 2219 636 2252 residens
659 2220 801 2252 omnium

213 2266 414 2307 Angelorum
440 2270 473 2300 et
497 2276 577 2301 vera
599 2268 755 2300 mentium

262 2315 475 2350 Illustratrix.

864 1978 896 2011 3.

924 1751 1031 1793 Salve,
1059 1752 1175 1784 summi
1196 1751 1301 1793 patris
1318 1751 1505 1792 triclinium,

924 1800 1014 1834 Coeli
1038 1803 1136 1842 porta
1160 1801 1316 1841 sidusque
1340 1801 1509 1841 praevium

923 1849 1028 1882 Maris
1056 1852 1090 1882 et
1114 1858 1345 1891 oppressorum
1367 1850 1507 1883 omnium

973 1898 1192 1932 Sublevatrix.

924 1975 1033 2017 Salve,
1061 1986 1143 2019 quae
1168 1977 1334 2011 Gabrielis
1358 1978 1472 2010 nuntio

923 2024 970 2057 Et
995 2034 1015 2057 a
1040 2026 1103 2059 viri
1129 2036 1214 2067 pura
1240 2026 1388 2067 contagio

921 2074 1086 2114 Peperisti
1111 2075 1205 2108 nobis
1233 2084 1305 2109 cum
1331 2076 1450 2117 gaudio

973 2122 1188 2164 Sahatorem,

923 2171 983 2210 Qui
1009 2171 1147 2213 benigue
1172 2173 1267 2205 nobis
1296 2173 1471 2217 condoluit,

922 2219 1008 2251 Dum
1022 2220 1175 2253 servilem
1185 2221 1233 2253 sic
1242 2220 1382 2255 formam
1389 2223 1509 2266 induit,

923 2267 1015 2307 Quod
1040 2268 1074 2300 in
1097 2272 1236 2302 mortem
1258 2269 1371 2311 lapsos
1391 2272 1513 2313 eripuit

971 2315 1036 2348 Per
1061 2325 1218 2353 errorem.
