1656 2674
127 170 182 203 16.
211 166 344 209 Quibus,
370 168 543 210 purissima

257 217 359 260 virgo,
386 217 415 249 si
438 216 569 256 placeat

208 265 289 306 Deo,
316 264 461 306 precatio

257 317 314 346 tua
336 312 517 352 subveniat,

210 361 257 395 Ut
281 362 361 394 haee
385 360 479 401 plebs
505 360 583 394 fidei

258 410 323 451 legi
348 409 490 451 obediat,

211 458 258 490 Et
279 466 339 499 per
366 457 573 490 concordiam

258 515 294 538 se
317 506 409 538 nobis
435 505 536 538 uniat.

127 564 183 598 17.
210 560 338 606 Regina
361 563 481 596 nobilis

261 612 404 653 coelique
428 611 567 653 domina,

212 660 270 693 Cui
295 661 442 701 angelica

261 709 424 742 adsistunt
448 708 586 749 agmina,

210 756 448 790 Efficacissima

260 809 317 839 tua
341 806 527 846 precamina

209 854 402 887 Nostrorum
427 854 566 888 hostium

258 902 383 943 pellant
409 903 587 936 conamina.

127 961 182 994 18.
211 957 344 994 Sursum
371 961 414 993 ad
439 960 549 993 sidera

258 1018 372 1041 manus
398 1009 594 1047 extollimus,

209 1056 361 1090 Divinam
386 1057 524 1099 gratiam

259 1108 410 1146 tuamque
436 1106 630 1146 quaerimus,

759 70 829 106 126
879 89 927 94 -—

909 167 961 200 Ne
985 166 1035 199 vis
1060 166 1232 206 tyrannica

957 224 1015 247 nos
1041 216 1168 255 premat
1192 214 1340 257 amplius,

909 263 974 297 Sed
1002 263 1044 295 sit
1070 272 1135 304 pax
1160 263 1302 304 undique

956 313 991 344 in
1015 312 1136 344 nostris
1162 309 1291 344 finibus.

826 371 884 406 19.
912 368 964 404 Tu
989 378 1106 410 nempe
1130 370 1253 409 poteris

826 767 882 802 20.

957 418 1077 450 nostris
1104 425 1292 450 succurrere

910 466 982 500 Gito
1006 466 1148 499 miseriis

956 523 1079 556 nosque
1105 513 1291 555 defendere,

909 563 1072 596 Mundare
1096 564 1226 604 penitus

959 611 999 645 ab
1026 613 1113 645 omni
1138 612 1271 652 scelere,

908 660 971 693 Dei
998 661 1201 693 clementiam

957 710 1004 742 sic
1029 710 1071 742 ad
1098 718 1155 742 nos
1181 708 1330 749 ssectere3

909 764 961 802 Ut
982 766 1044 810 his,
1073 776 1152 809 quas
1177 768 1330 808 patimur,

959 816 1196 849 calamitatibus

908 864 1044 897 Manum
1069 873 1234 905 apponere

960 912 1111 953 dignetur
1137 912 1241 954 citius,

910 962 1021 1002 Ipsum
1045 965 1083 993 ut
1109 961 1215 993 colere

957 1010 1119 1050 possimus
1152 1010 1279 1051 dignius

911 1057 1007 1091 Nunc
1033 1061 1065 1090 et
1089 1058 1277 1099 perenniter

960 1115 1031 1139 oum
1057 1106 1138 1139 coeli
1165 1107 1301 1139 civibus.

204 1186 285 1214 Orat.
306 1195 359 1214 ms.
376 1187 559 1223 'Peg-urinum
580 1194 657 1214 saec.
674 1184 719 1214 15.
737 1186 810 1214 Clm.
825 1186 996 1215 Monacens.
1016 1185 1051 1214 19
1060 1184 1118 1214 824
1131 1186 1181 1214 fol.
1198 1186 1233 1215 51
1252 1196 1271 1216 a
1284 1187 1320 1215 A.
1334 1203 1374 1208 —
1387 1186 1470 1216 Orat.

126 1233 180 1253 ms.
201 1225 423 1261 Tegemseense
442 1233 520 1252 saec.
542 1224 586 1254 15.
611 1224 684 1253 Olm.
704 1225 876 1253 Monaeens.
898 1225 948 1253 fol.
972 1224 1025 1253 117
1048 1226 1076 1254 b.
1098 1226 1132 1253 Β,

615 1347 663 1380 35.
703 1347 913 1381 Abeccdarius
934 1348 972 1380 X.

155 1448 186 1482 1.
214 1443 365 1481 Amatrix
391 1456 581 1488 pauperum,

263 1496 403 1529 maxime
429 1496 558 1538 spiritu,

213 1544 352 1578 Servans
378 1543 580 1586 frequentius

261 1602 319 1626 nos
345 1593 386 1625 ab
407 1594 552 1637 interitu,

212 1641 269 1674 Me
294 1645 384 1674 tuum
407 1643 571 1675 servulum

261 1691 301 1723 ab
326 1690 429 1723 hostis
453 1690 578 1731 impetu

212 1739 417 1780 Praeserves,
446 1739 590 1779 obsecro,

259 1788 291 1820 111
316 1796 387 1820 meo
413 1789 564 1823 transitu.

154 1847 187 1879 2.
214 1842 487 1879 Benedicentibus

261 1897 304 1936 te,
331 1894 527 1928 venerabilis

213 1942 333 1983 Mater,
360 1952 430 1976 cum
456 1944 564 1977 studio

263 1991 459 2033 laudumque
491 1993 594 2026 titulis

214 2040 340 2072 Adesto
365 2040 518 2081 precibus

263 2089 437 2122 clementer
462 2090 597 2130 sedulis,

213 2137 433 2170 Praeservans
458 2139 606 2172 omnibus

260 2186 319 2219 hos
346 2196 365 2218 a
389 2186 554 2227 periculis.

155 2244 188 2277 3.
215 2239 339 2284 corpus
363 2254 438 2277 nam
460 2245 654 2286 morbidum,

262 2292 400 2325 mundus
427 2296 460 2326 et
484 2294 597 2334 vipera

215 2339 324 2382 Stygis
349 2350 408 2375 nos
435 2342 572 2375 subdole

266 2390 387 2422 ducunt
412 2391 446 2423 in
472 2391 606 2432 scelera,

910 1450 1013 1482 Immo
1040 1454 1070 1481 et
1097 1449 1205 1482 anima

958 1498 993 1530 in
1018 1498 1137 1530 malum
1164 1497 1262 1530 effera

911 1545 1016 1587 Saepe
1039 1546 1186 1586 justitiae

958 1594 1078 1635 linquit
1104 1594 1233 1628 itinera.

910 1650 962 1687 Da
984 1653 1173 1686 transitoria

959 1711 1017 1735 nos
1040 1701 1155 1735 mundi
1180 1710 1346 1747 spernere,

912 1750 1198 1791 Concupiscentias

960 1800 1066 1832 carnis
1094 1800 1273 1841 despicere,

910 1847 1023 1881 Hostis
1049 1848 1185 1881 insidias

959 1897 1140 1938 prudenter
1167 1895 1290 1939 fugere,

912 1945 958 1978 Et
980 1946 1096 1978 summi
1122 1946 1252 1978 luminis

962 1994 1085 2028 vultum
1113 1995 1312 2035 conspicere.

877 2079 885 2087 .
911 2048 1167 2094 Elegantissime.

961 2111 996 2133 es
1021 2101 1081 2133 illa
1105 2102 1232 2141 civitas,

914 2149 1015 2189 Quam
1041 2149 1103 2182 sibi
1131 2149 1278 2182 condidit

951 2197 1070 2231 Christi
1099 2198 1262 2239 diviuitas,

913 2245 1048 2285 Quando
1076 2246 1236 2287 disposuit

962 2303 1020 2327 sua
1045 2293 1237 2336 benignitas,

914 2342 1098 2375 Clementer
1121 2347 1251 2385 tergere

962 2399 1050 2424 meas
1075 2392 1233 2427 miserias.
