1656 2674
228 313 284 346 21.
313 313 396 354 Ave,
423 314 537 346 vivens
562 313 681 356 hostia,

362 362 489 395 Donum
515 362 691 404 singulare,

312 410 448 443 Morbos
474 414 572 452 atque
597 412 678 444 vitia

360 460 481 492 Potens
507 460 712 502 propulsare,

312 507 435 540 Nostra
459 506 621 541 sacrificia

361 556 450 589 Velis
475 559 647 597 acceptare

310 605 356 638 Et
381 605 429 637 sic
452 615 512 638 nos
537 605 571 637 in
597 606 703 647 gratia

360 654 431 687 Tua
456 657 650 687 restaurare.

226 738 270 769 22
309 737 392 778 Ave,
418 740 524 778 petra,
552 738 677 778 gratiae

356 785 485 818 Tenens
511 784 767 827 fundamentum,

306 833 408 866 Forte
435 835 515 866 dans
542 835 699 867 ecclesiae

357 882 498 915 Sanctae
522 882 768 925 firmamentum,

306 930 468 971 Tempore
491 932 660 972 angustiae

355 979 470 1012 Facito
495 983 699 1022 proventum,

305 1027 446 1060 Divinae
471 1028 638 1069 potentiae

355 1076 507 1109 Pandens
532 1077 758 1109 velamentum.

219 1159 274 1192 23.
303 1159 386 1199 Ave,
415 1158 602 1199 consolatio,

351 1206 440 1247 Jesu,
468 1205 665 1239 afflictorum

302 1256 348 1288 Et
372 1256 567 1288 illuminatio

349 1304 503 1338 Cordium
531 1313 711 1345 caecorum,

297 1352 422 1386 Nostra
447 1354 491 1385 sis
521 1353 682 1394 protectio

345 1402 384 1434 In
412 1402 465 1434 die
489 1402 659 1440 malorum,

294 1450 364 1490 Qua
388 1449 446 1482 fiet,
472 1450 630 1482 discussio

344 1499 486 1531 Actuum
511 1502 706 1532 nostrorum.

291 1582 374 1622 Ave,
401 1581 481 1615 Jesu
506 1581 636 1622 nobilis,

342 1630 465 1663 Veniae
490 1630 658 1671 pincerna,

292 1679 320 1712 F
324 1679 438 1721 ulgens
464 1679 599 1711 laudum
623 1679 728 1711 titulis

339 1728 451 1761 Veluti
470 1728 615 1768 lucerna,

289 1777 388 1818 Legis
413 1779 490 1809 tuae
514 1777 636 1818 regulis

337 1827 390 1859 Ita
413 1835 473 1858 nos
499 1825 654 1868 guberna,

285 1874 332 1909 Ut
354 1876 531 1916 ⁹iungamur
556 1874 681 1915 angelis

334 1925 374 1958 In
402 1924 496 1957 domo
523 1932 675 1964 superna.

207 1582 263 1616 24.

200 2008 257 2043 25.
285 2007 368 2049 Ave,
397 2007 572 2041 exsultatio

335 2056 451 2090 Cordis
475 2056 625 2089 tribulati

282 2106 328 2139 Et
352 2105 393 2139 ab
421 2106 507 2138 omni
530 2105 610 2138 vitio

333 2154 449 2189 Gratia
473 2154 615 2196 purgati,

278 2204 361 2238 Esto
388 2204 566 2237 consolatio

326 2254 375 2287 Ob
402 2262 541 2295 poenam
566 2253 694 2295 peccati

277 2303 350 2343 His,
378 2304 434 2345 qui
458 2302 649 2345 purgatorio

325 2352 409 2386 Sunt
435 2352 648 2385 concatenati.

785 91 925 127 -33

871 230 934 263 111.

249 2414 379 2438 breves,
395 2413 528 2437 Udalricus
543 2412 756 2437 Wessofontanus.

933 318 990 351 26.
1017 317 1099 359 Ave,
1127 316 1277 358 fragrans
1301 318 1436 350 fioscule

1066 365 1203 399 Coelicis
1228 366 1262 397 in
1287 367 1401 411 pratis,

1017 415 1126 448 Odore
1152 422 1207 447 cor
1230 412 1340 447 flebile

1064 463 1207 504 Replens
1233 463 1413 505 suavitatis,

1015 511 1065 544 Sis
1089 511 1339 553 inexpugnabile

1064 561 1197 594 Scutum
1222 560 1398 601 tribulatis,

1013 609 1045 641 A
1070 608 1220 649 malignis
1246 607 1364 641 frivole

1060 657 1265 697 Multumque
1291 658 1444 698 gravatis

976 764 982 771 .
1010 740 1093 780 Ave,
1120 738 1315 772 admirabile

1060 788 1204 820 Pretium
1230 787 1355 828 salutis,

1012 836 1080 875 Quo
1105 835 1314 868 intolerabile

1057 884 1174 926 Jugum
1200 884 1367 916 servitutis

1009 933 1161 973 Tollitur,
1187 941 1274 964 nunc
1297 930 1407 965 flebile

1058 981 1199 1022 Tempus
1224 981 1399 1013 senectutis

1007 1029 1149 1062 Nostrae
1173 1027 1226 1061 fac
1250 1027 1394 1062 flexibile

1055 1078 1111 1110 Ad
1135 1078 1200 1110 iter
1226 1077 1365 1111 virtutis,

921 1160 976 1192 28.
1004 1161 1085 1203 Ave,
1114 1159 1187 1192 fons
1212 1159 1426 1199 progrediens

1054 1207 1193 1241 Davidis
1220 1207 1261 1239 de
1288 1207 1392 1250 domo,

1002 1257 1099 1289 Adae
1124 1257 1255 1289 sordem
1279 1255 1414 1288 abluens

1053 1305 1261 1338 Contractam
1285 1304 1320 1336 in
1344 1313 1452 1345 pomo,

1001 1355 1067 1387 Per
1092 1354 1190 1394 sitim,
1217 1362 1312 1393 quam
1338 1354 1478 1386 moriens

1050 1403 1190 1436 Sanctae
1215 1402 1319 1433 crucis
1346 1411 1435 1434 ramo

1002 1451 1150 1492 Sensisti,
1177 1450 1221 1482 sis
1247 1452 1421 1491 protegens

1049 1499 1117 1532 Nos
1144 1498 1184 1532 ab
1211 1498 1314 1531 hostis
1339 1499 1445 1531 hamo.

915 1583 970 1616 29.
997 1582 1080 1623 Ave,
1108 1581 1263 1614 alimonia

1048 1630 1190 1671 Spiritus
1218 1629 1336 1669 devoti5

1000 1679 1114 1713 Carnis
1141 1678 1332 1711 castimonia

1045 1728 1122 1762 Tibi
1147 1727 1231 1761 bene
1255 1727 1336 1769 noti,

997 1777 1093 1810 Vitae
1117 1776 1332 1810 sanctimonia

1045 1826 1108 1858 Tui
1133 1826 1233 1858 simus
1259 1824 1330 1868 toti,

994 1875 1113 1908 Mundi
1137 1882 1198 1916 per
1223 1873 1334 1906 inania

1045 1924 1107 1965 Qui
1132 1932 1241 1956 sumus
1266 1923 1395 1955 remoti.

909 2008 962 2041 30.
992 2007 1075 2049 Ave,
1104 2006 1186 2040 coeli
1211 2005 1339 2043 ostium,

1042 2056 1110 2097 Quo
1135 2057 1261 2089 intrant
1287 2054 1468 2098 credentes,

991 2104 1142 2138 Fraudes
1168 2104 1415 2145 malignantium

1039 2155 1185 2188 Fortiter
1209 2153 1387 2193 vincentes,

989 2204 1131 2244 Quorum
1157 2202 1201 2235 ad.
1225 2202 1423 2235 consortium

1036 2253 1204 2286 Perducas
1230 2251 1420 2293 gaudentes,

987 2301 1111 2334 Laudis
1138 2299 1334 2334 sacrificium

1037 2351 1143 2392 Hujus
1170 2349 1353 2383 offerentes.
