1656 2674
271 179 305 210 4.
331 173 475 218 Dignum
503 186 537 210 es
565 178 745 212 sacrarium

381 226 570 259 Pneumatis
597 229 732 270 aeterni,

333 274 434 314 Quam
459 275 615 308 virtutum
640 277 782 309 omnium

379 323 497 356 Flores
523 328 642 359 ornant
668 326 770 367 verni,

331 371 400 404 Nos
426 381 487 412 per
512 376 602 405 tuum
627 371 729 406 filium

380 420 451 452 Fac
477 421 653 453 clementer
680 422 778 464 cerni,

331 468 384 501 Ne
408 472 484 501 urat
508 469 695 503 incendium

381 516 450 549 Nos
475 517 560 559 ignis
585 518 720 551 Averni.

273 575 305 607 5.
333 571 516 615 Exemplar
539 575 705 608 laudabile

383 623 494 656 Omnis
520 623 710 665 honestatis,

333 671 451 712 Jugum
479 671 675 704 delectabile

378 719 569 752 Monstrans
594 720 753 762 veritatis,

332 768 434 801 Omne
458 767 641 801 fastidibile

379 815 486 849 Aufer
512 826 583 849 cum
609 818 764 858 peccatis,

330 864 457 897 Bonum
482 864 643 898 infinibile

380 914 472 946 Dans
498 914 712 947 aeternitatis.

274 973 306 1005 6.
333 968 456 1012 Fulget
479 972 675 1004 resurrectio

379 1020 441 1052 Tui
470 1021 574 1053 dulcis
599 1021 678 1060 nat-i,

331 1068 432 1107 Quem
458 1069 594 1101 videbas
620 1071 716 1103 anxio

382 1118 489 1151 Corde
514 1121 651 1150 mortem
676 1119 757 1160 pati,

334 1165 511 1198 Succurrat
536 1166 680 1198 laudatio

381 1215 487 1254 Hujus
512 1214 696 1254 praedicati

327 1261 565 1295 Defunctorum
592 1262 701 1296 crucio

378 1311 442 1344 Seu
468 1311 661 1351 captivitati.

269 1370 300 1403 7.
330 1366 464 1404 Guttam
490 1372 565 1400 tuae
591 1369 716 1410 gratiae

790 80 1057 116 —151—

950 286 1007 319 10.

951 682 1009 715 11.

951 1075 1007 1108 12.

378 1417 517 1449 Praesta
542 1418 593 1449 vel
618 1417 792 1459 stillamen,

329 1466 398 1506 Quo
424 1475 549 1498 sumam
573 1466 713 1499 inertiae

378 1514 475 1547 Meae
500 1523 698 1558 recreamen,

328 1563 498 1596 Declinem
523 1563 668 1596 malitiae

376 1611 486 1645 Omnis
512 1611 747 1653 machinamen,

326 1659 500 1694 Perfectae
522 1661 671 1701 justitiae

375 1710 440 1742 Per
464 1709 682 1744 induciamen.

266 1764 298 1798 8.
325 1760 501 1798 Hominum
526 1762 664 1795 salvatio

374 1811 437 1844 Est
461 1811 495 1843 in
520 1814 554 1843 te
578 1811 720 1851 incepta,

326 1861 366 1894 In
393 1862 426 1892 te
453 1869 526 1893 cum
551 1860 734 1901 redemptio

377 1909 500 1942 Nostra
526 1912 575 1941 est
601 1913 769 1951 concepta,

328 1958 526 1992 Credentum
551 1958 599 1990 sic
621 1959 711 1991 natio

376 2007 486 2040 Vitam
514 2010 564 2039 est
588 2006 719 2052 adepta,

321 2056 378 2090 Ad
405 2055 525 2088 bonum
552 2064 591 2087 ex
619 2055 697 2089 vitio

371 2105 461 2146 Quae
487 2103 550 2136 fuit
574 2104 685 2145 inepta

262 2162 294 2195 9.
322 2156 364 2195 In
392 2158 474 2191 coeli
501 2158 623 2199 palatio

371 2208 518 2250 Fulgens
543 2207 641 2239 stella
665 2208 777 2250 maris,

323 2257 402 2291 Cum
430 2257 551 2289 dilecto
576 2255 644 2289 filio

370 2306 473 2339 Modo
496 2305 700 2348 jucundaris,

320 2357 390 2390 Tuo
413 2356 514 2397 junge
539 2355 669 2397 gaudio,

369 2406 493 2439 Parens
519 2413 636 2446 expers
662 2404 764 2446 paris,

949 1466 1005 1498 13.

949 1859 1006 1893 14.

946 2257 1003 2290 15.

1035 178 1105 211 Hos
1132 179 1239 212 cordis
1264 178 1409 219 tripudio

1070 227 1102 260 A
1128 228 1243 268 quibus
1268 227 1425 260 laudaris.

1034 283 1197 321 Karitatis
1222 285 1365 327 unguine

1084 334 1187 367 Necte
1213 334 1438 367 discordantes

1035 382 1081 415 Et
1103 383 1247 416 rixarum
1273 383 1402 415 turbine

1085 430 1127 463 Se
1152 431 1420 471 scandalizantes,

1034 479 1082 512 Ut
1105 488 1183 512 vero
1210 480 1369 512 amamine

1085 527 1127 560 Se
1152 527 1360 569 pacificantes

1036 575 1129 608 Justo
1157 577 1284 609 demum
1310 576 1425 609 ordine

1084 624 1183 657 Fiant
1208 625 1439 657 collaudantes

1035 678 1152 722 Lapsis
1178 692 1306 715 manum
1333 681 1465 723 porrige

1083 730 1172 764 Tuae
1198 731 1330 771 pietatis

1034 779 1080 811 Et
1105 788 1125 810 a
1149 780 1216 812 luto
1244 780 1332 820 erige

1085 826 1226 860 Nostrae
1250 828 1435 869 pravitatis,

1036 876 1088 907 Ac
1112 876 1236 909 levatos
1263 875 1378 916 subige

1084 923 1164 965 Legi
1190 924 1348 964 veritatis,

1038 972 1271 1013 Subjectosque
1297 973 1423 1013 corrige

1085 1020 1186 1062 Virga
1212 1021 1366 1053 caritatis.

1034 1071 1128 1107 Miris
1152 1074 1334 1115 privilegiis

1083 1121 1130 1153 Es
1154 1120 1344 1165 glorificata,

1033 1171 1168 1203 Patrum
1193 1170 1396 1212 testimoniis,

1083 1217 1171 1257 Quae
1196 1221 1271 1251 sunt
1295 1217 1488 1260 approbata,

1033 1266 1131 1299 Unde
1157 1276 1190 1299 es
1217 1267 1361 1308 collegiis

1083 1313 1273 1348 Sanctorum
1298 1315 1457 1355 praelata,

1031 1363 1078 1396 Et
1101 1365 1221 1396 nostris
1246 1364 1386 1395 miseriis

1082 1413 1120 1445 In
1146 1413 1289 1445 solamen
1318 1412 1404 1445 data.

1033 1461 1128 1498 Nunc
1154 1475 1229 1507 ergo
1254 1474 1464 1506 prosequere,

1081 1513 1173 1553 Quod
1200 1514 1277 1546 olim
1303 1514 1449 1558 coepisti,

1036 1561 1170 1601 Quando
1199 1563 1273 1596 divo
1298 1571 1432 1594 munere

1082 1610 1244 1644 Christum
1271 1611 1460 1654 concepisti,

1031 1659 1185 1700 Digneris
1211 1660 1384 1692 sustollere

1082 1707 1150 1741 Nos
1177 1718 1196 1741 a
1221 1710 1289 1741 salo
1315 1708 1403 1740 tristi

1032 1757 1083 1789 Ac
1107 1759 1213 1790 tecum
1238 1758 1272 1789 in
1299 1757 1433 1789 aethere

1080 1805 1200 1839 Laetos
1221 1806 1301 1846 jube
1326 1806 1408 1839 sisti.

1036 1856 1061 1892 Ο
1087 1858 1333 1892 misericordiae

1081 1907 1191 1940 Mater
1216 1908 1399 1947 benedicta,

1035 1955 1133 1997 Cujus
1160 1958 1244 1990 dono
1270 1957 1396 1998 gratiae

1083 2004 1259 2038 Solvuntur
1286 2005 1408 2039 delicta

1031 2055 1161 2087 Virtute
1188 2055 1390 2087 constantiae

1081 2102 1139 2136 Me
1163 2104 1251 2136 mala
1275 2102 1401 2136 inflicta

1034 2151 1174 2185 Vincere
1199 2152 1345 2193 quotidie

1079 2200 1194 2235 Mente
1218 2199 1272 2234 fac
1292 2201 1426 2235 invicta.

1030 2252 1130 2289 Plebs
1156 2254 1264 2289 fidelis
1290 2255 1408 2287 recitet

1080 2303 1208 2345 Jugiter
1234 2304 1390 2337 honorem

1030 2353 1145 2392 Tuum,
1174 2363 1257 2395 quae
1282 2354 1316 2386 in
1341 2353 1511 2387 Nazareth

1078 2401 1182 2436 Nobis
1208 2403 1416 2444 salvatorem,
