1656 2674
197 350 253 384 51.
282 350 407 388 Gaude,
435 351 557 384 culmus
582 349 699 384 fertilis

329 398 461 439 Septem
486 399 595 432 ferens
621 400 738 441 spicam,

281 447 469 481 Gratiarum
496 448 636 481 credulis

325 496 517 537 Largientes
542 497 653 538 micas,

277 542 452 585 Propellas
477 556 497 578 a
522 543 652 577 famulis

325 594 475 626 Fraudes
498 593 655 633 inimicas,

279 642 368 681 Quae
392 642 435 674 ad
461 642 580 674 bonum
605 641 729 675 sedulis

326 689 450 722 Multas
475 693 601 731 ponunt
625 691 735 723 tricas,

195 779 252 812 52.
281 777 406 815 Gaude,
433 776 513 810 felix
538 777 665 818 mulier,

324 825 418 858 Mitis
445 829 476 858 et
502 824 653 869 formosa,

279 874 389 908 Corda
410 884 505 915 quam
529 875 700 907 sinceriter

314 923 439 956 Amant
460 931 618 963 amorosa,

278 972 453 1005 Declinare
478 971 609 1004 fortiter

327 1019 397 1052 Fac
422 1029 475 1052 me
501 1020 627 1060 vitiosa,

278 1069 326 1103 Ut
349 1068 480 1101 laudem
502 1069 690 1110 perenniter

325 1116 384 1157 Te,
412 1125 431 1148 o
457 1116 607 1157 gloriosa.

194 1205 249 1237 53.
278 1203 402 1243 Gaude,
429 1205 525 1244 porta
551 1203 690 1235 coelicae

326 1250 414 1290 Quae
436 1251 646 1292 ingressionis

276 1300 322 1333 Es
347 1299 439 1340 plebi
465 1299 654 1340 catholicae⁷

325 1348 493 1380 Firmatae
517 1348 552 1380 in
576 1348 688 1389 bonis3

276 1398 338 1431 Pia
362 1399 476 1438 mater,
503 1395 625 1438 perfice

321 1445 379 1479 Me
402 1446 558 1478 virtutum
585 1446 689 1482 donis,

276 1494 376 1534 Quem
397 1497 496 1527 vexat
518 1493 690 1527 barbarice

325 1542 482 1583 Princeps
508 1542 695 1584 Babylonis.

192 1631 248 1664 54.
277 1629 401 1669 Gaude,
428 1631 530 1672 virgo,
556 1638 737 1670 pauperum

326 1678 473 1712 Clemens
499 1680 715 1720 procuratrix,

276 1729 327 1761 Ac
349 1727 531 1760 divinorum
555 1736 723 1760 munerum

323 1775 433 1817 Larga
460 1776 689 1817 dispensatrix,

274 1826 326 1859 Sis
352 1823 601 1857 vociferantium

321 1874 378 1907 Ad
402 1877 435 1906 te
458 1874 640 1911 liberatrix,

276 1923 401 1956 Gravat
426 1922 680 1963 delinquentium

747 94 888 131 —93

835 254 900 288 III.

324 1970 409 2010 Quos
435 1980 541 2012 poena
564 1972 744 2013 purgatrix.

189 2060 245 2094 55.
275 2058 400 2099 Gaude,
429 2059 494 2091 dux
520 2059 677 2091 ecclesiae

325 2106 446 2141 Christi
473 2107 653 2146 militantis,

271 2157 319 2190 Et
343 2156 377 2189 in
403 2166 503 2198 regno
529 2157 654 2197 gloriae

319 2205 422 2239 Modo
448 2206 690 2247 triumphantis,

272 2255 452 2290 Conserves
477 2265 498 2288 a
522 2254 614 2287 rabie

318 2304 431 2338 Hostis
457 2304 677 2346 impugnantis

270 2354 415 2389 Mentem
440 2357 474 2386 te
504 2353 650 2396 quotidie

317 2402 396 2438 odis
423 2403 618 2437 venerantis.

899 352 955 385 56.
984 351 1108 392 Gaude,
1138 361 1219 393 quae
1246 351 1439 385 describeris

1028 401 1128 442 Apud
1154 400 1339 433 Nazaraeos

981 449 1071 481 Arca
1093 448 1156 481 Dei
1179 448 1331 489 foederis,

1028 498 1167 530 Ter-rens
1192 498 1393 538 philistaeos,

978 546 1026 579 Ut
1051 548 1199 578 auctores
1225 546 1357 579 sceleris

1025 595 1148 635 Abiges
1173 603 1259 627 nunc
1284 603 1348 634 eos,

978 642 1035 675 Me
1061 647 1252 676 connectens
1277 643 1403 683 superis

1026 691 1072 724 Et
1093 689 1236 724 fautores
1261 700 1358 725 meos

896 779 950 812 57.
980 777 1104 816 Gaude,
1130 787 1212 818 quae
1235 779 1441 820 sequentibus

1024 827 1073 859 Te
1097 829 1244 866 praestas
1272 828 1431 867 ducatum,

978 875 1164 908 Perducens
1191 876 1326 907 celerius

1026 924 1081 956 Ad
1105 922 1235 955 felicem
1261 926 1381 956 statum

978 971 1093 1013 Dirige
1117 973 1278 1012 propitius

1026 1020 1143 1053 Mundi
1170 1021 1399 1063 principatum,

977 1068 1030 1100 Ab
1055 1069 1118 1101 hoc
1142 1069 1267 1108 pellens
1292 1068 1418 1109 longius

1025 1116 1177 1149 Hostium
1204 1119 1363 1149 conatum.

894 1204 952 1237 58.
980 1202 1105 1242 Gaude,
1131 1202 1373 1243 pulchritudine

1025 1252 1113 1284 Mire
1137 1251 1298 1290 redimita,

976 1301 1085 1340 Qualis
1111 1308 1177 1331 nou
1199 1300 1235 1332 in
1259 1300 1388 1332 homine

1026 1349 1111 1382 Puro
1137 1350 1186 1379 est
1215 1349 1336 1388 audita,

976 1397 1033 1430 Me
1059 1398 1234 1429 clementer
1258 1397 1398 1437 unguine

1027 1445 1213 1478 Gratiarum
1240 1446 1308 1478 dita

976 1494 1110 1535 Tuoque
1134 1494 1309 1527 munimine

1024 1543 1110 1575 Tuta
1134 1542 1168 1574 in
1192 1542 1255 1574 hac
1280 1542 1357 1577 vita,

892 1631 949 1664 59.
978 1629 1102 1671 Gaude,
1129 1630 1370 1671 receptaculum

1022 1678 1144 1712 Mentis
1176 1677 1340 1720 fugientis,

964 1728 1092 1761 Inimici
1118 1728 1308 1760 scandalum

1024 1776 1134 1817 Ipsam
1159 1777 1392 1817 persequentis.

975 1826 1114 1858 Praesta
1138 1825 1370 1858 adminiculum

1021 1874 1060 1907 In
1086 1874 1199 1915 poenis
1226 1874 1376 1916 detentis,

977 1923 1063 1964 Ipsis
1089 1923 1169 1956 dans
1194 1923 1367 1957 latibulum

1026 1971 1131 2014 Regni
1155 1972 1385 2012 permanentis

892 2060 948 2094 60.
977 2058 1101 2096 Gaude,
1128 2068 1232 2091 meum
1260 2060 1412 2101 gaudium

1024 2109 1134 2150 Atque
1161 2109 1374 2152 consolamen,

978 2156 1075 2198 Cujus
1098 2166 1178 2191 cano
1201 2157 1337 2198 jubilum

1023 2206 1146 2239 Mentis
1171 2215 1232 2247 per
1255 2210 1432 2249 ructamen‚

964 2254 1078 2288 Carnis
1103 2258 1180 2297 post
1204 2256 1366 2290 excidium

1023 2304 1076 2337 Ne
1100 2305 1314 2338 remoriamen

974 2353 1103 2396 Facias,
1130 2354 1189 2387 sed
1215 2354 1354 2388 hostium

1021 2401 1100 2436 Vim
1125 2403 1276 2444 repellas.
1330 2405 1446 2439 Amen.
