1656 2674
746 99 990 136 ,51-

645 214 685 246 18.
724 213 959 247 salutatorium
979 214 1092 247 BfflX.

234 322 240 329 .
268 299 351 342 Ave,
379 300 484 330 mater
509 297 635 330 aeterni
657 296 810 337 numini5‚

271 346 436 388 Splendor
461 347 568 387 replet
594 354 688 386 quam
706 345 770 379 Dei
791 346 839 377 lu-

607 395 713 438 minis,

271 444 421 476 Parvitas
445 445 479 474 te
503 442 607 475 nostri
632 442 823 484 propaginis

373 492 566 524 Veneratur.

271 540 354 582 Ave,
380 539 452 573 fons
476 540 639 572 coelorum
655 536 839 574 mellifluus,

270 589 323 621 Ex
337 598 399 629 quo
412 586 506 620 fluxit
517 587 641 620 fructus
650 589 838 630 perpetuus,

270 637 383 669 Hostis
408 639 519 670 noster
544 645 605 677 per
625 639 658 668 te
675 633 839 668 luctifiuus

374 685 594 725 Propellatur.

236 781 242 787 .
270 753 352 793 Ave,
380 754 482 795 virgo,
508 755 545 784 tu
570 752 663 793 virga
687 752 803 785 Jessea

270 801 398 843 Virens,
420 800 508 833 thori
533 800 638 834 virilis
665 802 784 844 nescia,

272 850 336 883 Per
360 853 394 883 te
418 849 512 882 nobis
538 858 682 891 superna
706 849 810 891 gratia

373 900 615 932 Praesentetur.

271 948 354 987 Ave,
383 947 473 987 cujus
499 951 613 979 venter
638 947 803 988 virgineus

269 996 422 1029 Thronus
441 994 564 1028 Christi
587 993 648 1027 fuit
667 995 839 1036 eburneus,

270 1045 336 1078 Per
360 1048 393 1077 te
419 1043 512 1076 nobis
538 1045 628 1076 locus
654 1043 823 1076 aethereus

374 1092 561 1127 Ordinatur.

237 1189 243 1196 .
271 1162 354 1200 Ave,
380 1160 488 1201 proles
514 1159 628 1200 stirpis
653 1159 822 1200 ingenuae,

273 1209 367 1242 Dono
393 1212 470 1241 tuae
495 1209 603 1248 precis
629 1208 780 1240 assiduae

271 1257 390 1290 Servos
415 1259 488 1288 tuos
515 1257 690 1288 clementer
717 1264 792 1288 erue

373 1305 505 1339 Cunctis
531 1304 636 1338 malis.

274 1358 355 1395 Ave,
382 1354 526 1395 gaudens
552 1356 685 1386 aeterna
710 1352 832 1394 requie,

274 1403 510 1436 condelectans
535 1402 569 1434 in
594 1401 697 1441 prolis
720 1400 815 1439 facie,

271 1452 339 1484 Nos
367 1450 507 1484 defende
532 1451 574 1483 ab
601 1450 702 1482 hostis
725 1449 817 1482 rabie

373 1497 559 1534 infernalis.

237 1595 244 1601 .
271 1569 353 1608 Ave,
381 1568 495 1600 summi
523 1568 609 1608 regis
635 1567 823 1606 triclinium,

273 1617 380 1658 Supra
402 1616 516 1649 choros
535 1615 682 1650 residens
701 1615 841 1648 omnium

269 1666 468 1707 Angelorum
497 1668 529 1696 et
554 1673 633 1697 vera
657 1665 801 1697 tristium

376 1713 593 1747 consolatrix.

268 1763 352 1803 Ave,
363 1763 468 1804 virgo,
479 1760 552 1795 fons
563 1761 840 1803 splendidissime,

270 1811 410 1845 Manans
444 1811 509 1843 tuis
538 1811 623 1844 dona
647 1810 840 1852 largissime,

269 1861 377 1901 Meae,
396 1868 525 1901 quaeso,
544 1859 699 1900 pauperis
718 1858 843 1892 animae

374 1909 426 1943 Sis
452 1907 634 1950 purgatrix,

237 2004 244 2011 .
271 1977 354 2016 Ave,
383 1977 485 2017 virgo,
514 1977 604 2018 cujus
631 1976 777 2010 subsidia

269 2026 350 2058 Tuis
375 2028 508 2067 praesto
534 2028 608 2058 sunt
629 2028 659 2057 et
677 2025 843 2066 suffragia,

269 2075 357 2114 Mea,
384 2083 515 2118 quaeso,
543 2075 607 2107 sint
634 2073 796 2107 famulitia

373 2124 448 2157 Tibi
475 2126 578 2165 grata.

267 2174 350 2216 Ave,
378 2174 482 2214 virgo,
512 2181 671 2214 reparans
699 2171 841 2213 condita,

270 2222 359 2262 Quae
392 2231 453 2264 per
477 2222 583 2255 Evam
611 2219 741 2253 fuerunt
767 2229 843 2263 per-

607 2270 686 2303 dita.

266 2322 336 2355 Fac
363 2320 534 2356 daemonia
558 2319 652 2353 nobis
678 2319 812 2353 subdita

372 2371 416 2405 Et
442 2373 591 2411 peccata.

936 298 967 331 6.

938 864 956 896 sl

916 2219 973 2254 10.

995 297 1101 335 Salve,
1129 297 1285 330 trinitatis
1312 297 1501 337 triclinium,

996 345 1191 379 Praesidens
1204 354 1290 378 nunc
1300 345 1406 377 choris
1418 345 1540 377 eoeles-

1306 394 1396 431 tium,

995 443 1063 475 Nos
1090 451 1110 476 a
1130 441 1246 475 fraude
1265 445 1449 475 nostrorum
1465 442 1539 474 hos-

1305 491 1387 522 tium

1073 539 1190 572 Redde
1214 543 1312 571 tutos.

996 587 1103 627 Salve,
1130 597 1148 620 0
1175 587 1347 628 aequitatis
1374 587 1501 627 semita,

994 636 1104 677 Atque
1127 636 1320 668 humilitatis
1346 636 1464 676 orbita,

996 685 1064 717 Fac
1081 687 1156 725 post
1174 685 1260 717 vitae
1273 685 1455 724 praesentis
1469 684 1541 716 sab-

1306 732 1383 765 baia

1074 780 1142 813 Nos
1168 780 1292 813 beatos

962 891 968 897 .
997 863 1104 903 Salve,
1132 863 1222 895 olens
1247 863 1331 895 mira
1354 861 1540 904 fraglantia,

995 911 1105 944 Mellis
1123 909 1262 943 fundens
1279 909 1402 943 fluenta
1416 911 1532 952 dulcia,

996 959 1203 1001 Suspiramus
1229 960 1272 992 ad
1297 962 1329 991 te
1354 969 1414 1000 per
1439 959 1519 991 vitia

1075 1008 1230 1049 Fatigati.

997 1056 1113 1095 Salve,
1139 1059 1236 1096 petra
1260 1053 1400 1088 fundens
1425 1056 1543 1098 largis-

1309 1105 1406 1136 simas

996 1153 1120 1193 Aquas,
1145 1151 1298 1194 frangens
1314 1152 1412 1185 urbes
1431 1151 1542 1185 fortis-

1309 1201 1418 1233 simas.

996 1249 1060 1282 Per
1077 1252 1110 1281 te
1124 1249 1232 1281 cordis
1248 1248 1394 1281 solvatur
1411 1249 1544 1283 adamas

1077 1297 1248 1332 Obdurati.

963 1406 970 1412 .
995 1380 1103 1423 Salve,
1131 1379 1358 1420 praeconisata
1384 1379 1519 1412 verbulo

997 1430 1233 1470 Prophetarum
1258 1428 1390 1468 antiquo
1411 1429 1543 1469 populo,

999 1477 1213 1512 Consolamen
1239 1477 1360 1517 largire
1386 1477 1515 1509 servulo

1076 1526 1114 1559 In
1141 1528 1204 1558 hae
1229 1526 1292 1558 via.

999 1575 1107 1618 Salve,
1135 1575 1233 1606 stella
1257 1573 1357 1607 maris
1385 1574 1519 1614 eximia,

998 1624 1109 1657 Mater
1134 1623 1238 1663 patris
1266 1625 1297 1655 et
1322 1623 1425 1662 prolis
1452 1620 1531 1663 filia,

997 1672 1196 1705 Miserorum
1221 1671 1299 1705 audi
1324 1671 1477 1711 suspiria,

1079 1720 1178 1761 Virgo
1204 1721 1271 1761 pia.

1000 1798 1114 1837 Salve,
1141 1798 1233 1840 virgo
1258 1797 1364 1830 forma
1386 1797 1544 1838 justitiae,

999 1847 1199 1888 Reparatrix
1225 1846 1375 1879 eoelestis
1401 1846 1522 1889 curiae,

1000 1896 1142 1929 Nostrae
1168 1904 1248 1928 onus
1275 1893 1368 1927 aufer
1393 1894 1548 1928 tristitiae

1077 1946 1127 1978 Ac
1154 1944 1291 1978 timoris.

1000 1993 1106 2026 Salve.
1138 1993 1241 2034 virgo,
1268 1991 1328 2026 flos
1354 1992 1544 2034 pudicitiae,

1001 2043 1132 2076 Concha
1144 2043 1227 2074 roris
1250 2042 1398 2075 coelestis
1412 2042 1546 2084 gratiae,

1000 2091 1068 2124 Nos
1093 2089 1231 2124 infunde
1257 2090 1347 2123 fonte
1366 2090 1547 2124 munditiae

1077 2141 1121 2173 Et
1148 2141 1275 2173 amoris-

1001 2218 1108 2260 Salve,
1136 2219 1324 2260 angelorum
1347 2218 1508 2259 solatium,

999 2269 1185 2310 Acoeptare
1211 2270 1356 2300 nostrum
1378 2267 1546 2300 servitium

999 2317 1096 2350 Nunc
1118 2317 1253 2358 dignare
1272 2318 1303 2349 et
1320 2325 1415 2349 omne
1432 2316 1548 2351 vitium

1078 2367 1251 2400 Amovere.

1325 2422 1368 2452 4*
