1656 2674
759 95 1001 131 -63-

528 195 585 228 17.
611 194 738 233 Gaude,
766 194 842 235 quia
865 194 948 227 haee
970 197 1028 227 tua
1053 196 1157 237 gloria

611 243 808 276 Perdurabit
833 251 919 275 nunc
945 246 977 275 et
1001 244 1035 276 in
1061 244 1235 285 saeculum,

609 291 776 332 Angitudo
801 301 852 324 me
877 292 996 332 premit
1024 294 1123 328 varia.

609 339 715 372 Tuum
740 341 836 373 tollat
860 349 956 381 quam
984 341 1225 375 adminiculum.

281 425 364 454 Orat.
386 433 440 453 ms.
461 426 646 462 Tegurinum
666 434 743 454 saec.
766 425 811 455 15.
834 426 910 455 Olm.
932 427 1106 456 Monaeens.
1127 424 1237 456 20110.

561 576 611 608 23.
648 576 857 609 Acrostichon
877 585 974 618 super
993 578 1058 610 Ave
1080 578 1190 611 illaria.

246 704 253 712 .
281 675 394 717 Alpha
420 680 450 709 et
478 679 503 712 O
529 678 704 719 nominate,

329 725 408 757 «lesu
434 735 493 758 rex
518 726 686 766 altissime,

281 775 362 808 Cum
387 776 520 807 aeterno
546 784 663 815 regnas
689 778 783 815 patre

327 824 436 862 Atque
461 832 554 856 sacro
579 821 719 867 fiamine,

278 869 330 904 En
359 870 496 905 devotus
523 881 617 905 curro
643 873 684 905 ad
712 876 745 905 te

329 919 410 953 Cum
436 920 554 953 affectu
578 920 705 953 animae

378 967 572 1009 Supplicans
599 978 659 1009 pro
685 970 801 1010 gratia,

245 1068 252 1075 .
278 1036 327 1073 Vt
353 1042 490 1072 matrem
515 1045 604 1074 tuam
629 1041 768 1083 beatam,

328 1087 510 1121 Gloriosam
536 1089 705 1132 virginem,

276 1136 378 1170 Modo
403 1139 509 1169 tecum
537 1138 727 1170 collocatam

325 1185 476 1225 Superna
500 1185 693 1230 Jerusalem,

277 1233 370 1267 Omni
398 1233 481 1266 bono
509 1234 705 1274 decoratam,

324 1283 362 1315 In
382 1282 445 1314 hac
471 1282 536 1315 oda
559 1283 748 1325 praedicem

372 1330 495 1363 Mentis
522 1339 595 1363 cum
619 1331 793 1366 industria.

243 1431 250 1438 ,
277 1400 360 1442 Ejus
386 1403 502 1435 merito
527 1403 683 1436 honorem

325 1451 496 1483 Inhianter
520 1452 605 1493 sitio,

277 1499 375 1539 Cujus
398 1499 520 1541 jugiter
545 1500 690 1533 valorem

322 1547 511 1580 Gratiarum
536 1549 651 1588 sentio,

272 1596 385 1630 Meum
409 1597 492 1629 lenit
516 1607 592 1630 nam
615 1597 764 1630 laborem

323 1644 387 1677 Suo
412 1645 570 1679 beneficio

370 1694 409 1726 In
433 1695 546 1727 mundi
571 1694 712 1728 miseria.

238 1794 245 1801 .
272 1764 355 1802 Meis
383 1767 488 1807 culpis
516 1776 586 1800 cum
611 1770 795 1807 prostratus

321 1815 438 1848 Essem
463 1815 666 1849 horribiliter

270 1865 317 1898 Et
342 1864 384 1896 ob
411 1864 474 1897 hoe
498 1865 580 1896 irem
605 1863 756 1896 turbatus

322 1912 429 1946 Corde
454 1913 658 1949 mirabiliter,

269 1961 324 1995 Ad
351 1963 520 2003 antiquum
546 1965 717 2003 reparatus

320 2010 449 2043 Statum
474 2021 544 2044 sum
569 2010 712 2043 feliciter

368 2060 477 2100 Ipsius
505 2060 687 2095 clementia.

234 2158 242 2166 .
271 2131 418 2168 Aliunde
443 2133 525 2166 haec
552 2142 693 2174 persona

321 2181 452 2215 Cunctis
478 2181 686 2219 venerabilis,

266 2231 375 2265 Multa
400 2231 481 2263 mihi
507 2230 585 2263 fecit
612 2230 697 2264 bona

314 2280 399 2312 Meis
425 2280 459 2312 in
485 2280 650 2321 periculis.

265 2330 354 2370 Quae
379 2330 435 2362 vix
462 2333 595 2370 caperet
620 2329 810 2363 membrana

315 2378 451 2411 Centum
476 2379 510 2411 in
538 2379 688 2421 capitulis

363 2427 505 2470 Scriptis
532 2438 603 2461 cum
629 2428 761 2469 peritia.

944 680 976 713 6.

913 2133 969 2166 10.

1002 676 1126 713 Rerum
1150 680 1218 719 jam
1246 680 1392 720 deposcit
1418 681 1533 714 modus

1050 728 1221 768 Decorque
1249 728 1440 761 dictaminis.

1004 775 1049 809 Ut
1076 776 1237 809 accendar
1262 781 1368 809 mente
1395 781 1481 810 totus

1050 825 1090 857 In
1116 833 1225 857 amore
1250 825 1395 866 virginis,

1004 872 1105 912 Quam
1130 875 1266 905 naturae
1293 874 1384 906 duxit
1410 874 1513 906 nodus

1052 921 1199 954 Carnalis
1226 922 1359 963 originis

1099 970 1224 1009 Regum
1251 970 1292 1002 de
1314 970 1480 1011 prosapia.

972 1067 978 1073 .
1006 1037 1049 1074 ln
1075 1041 1237 1082 propheta
1259 1042 1347 1074 Isaia

1052 1088 1219 1130 Siquidem
1246 1090 1452 1130 describitur,

1002 1137 1094 1176 Quod
1123 1138 1164 1170 de
1188 1139 1377 1179 genealogia

1051 1185 1143 1218 Jesse
1167 1186 1268 1226 stirps
1295 1187 1472 1228 egreditur,

999 1233 1052 1266 Ex
1079 1243 1142 1274 qua
1167 1243 1232 1266 non
1255 1238 1391 1267 naturae
1417 1235 1470 1267 via

1048 1282 1220 1315 Flosculus
1247 1283 1392 1316 exoritur

1099 1330 1165 1363 Sed
1190 1330 1252 1363 Dei
1277 1332 1434 1372 potentia.

967 1427 973 1434 .
1001 1399 1105 1443 Atqui
1129 1401 1189 1435 flos
1214 1402 1336 1435 ibidem
1361 1404 1503 1444 scriptus

1048 1452 1154 1483 Verus
1181 1453 1229 1483 est
1254 1452 1425 1492 Emanuel,

1003 1499 1064 1539 Qui
1091 1503 1124 1531 et
1148 1499 1233 1539 lapis
1260 1498 1324 1532 fuit
1347 1501 1463 1543 dictuS‚

1049 1547 1139 1581 Sicut
1165 1547 1280 1580 scribit
1305 1549 1437 1588 Daniel,

1000 1596 1101 1636 Quem
1126 1596 1255 1630 Mariae
1282 1598 1370 1630 coelo
1396 1598 1514 1631 missus

1047 1644 1221 1678 Nuntiavit
1247 1645 1382 1679 Gabriel

1098 1693 1230 1727 Summa
1254 1696 1448 1728 reverentia.

966 1795 972 1801 .
1000 1763 1115 1802 Gaude
1142 1774 1228 1808 ergo,
1253 1770 1356 1800 mater
1384 1767 1446 1801 Dei

1047 1817 1155 1856 Atque
1182 1812 1380 1848 domicilium

999 1863 1070 1896 Nee
1093 1873 1158 1896 non
1181 1873 1258 1906 ager
1283 1866 1405 1905 speciei

1045 1912 1133 1946 Mire
1159 1913 1291 1954 gignens
1317 1914 1431 1952 lilium,

997 1961 1051 1994 Ex
1076 1971 1137 2002 quo
1164 1962 1295 2002 plenum
1322 1966 1452 1996 sumunt
1477 1964 1525 1996 rei

1047 2011 1186 2043 Animae
1212 2011 1391 2044 remedium

1093 2060 1181 2092 Acta
1206 2060 1418 2100 poenitentia.

997 2130 1106 2173 Reges
1133 2137 1199 2165 tres
1226 2132 1267 2164 ab
1294 2133 1420 2166 oriente

1046 2181 1139 2214 Tunc
1165 2187 1322 2214 venerunt
1348 2182 1507 2223 protinus,

999 2229 1104 2262 Tuum
1129 2232 1241 2263 natum
1267 2232 1300 2263 te
1325 2232 1457 2264 vidente

1045 2280 1197 2312 Adorant
1224 2279 1381 2318 devotius,

995 2327 1175 2362 Offerentes
1201 2338 1305 2369 prona
1328 2333 1437 2362 mente

1043 2378 1162 2412 Fidem
1188 2387 1259 2410 eum
1285 2379 1474 2413 muneribus

1092 2427 1186 2461 Freti
1209 2428 1382 2469 sapientia.
