1656 2674
635 49 902 86 *198*

622 175 669 207 58.
699 172 867 207 Rosarium
887 173 915 204 8.

126 368 158 401 1.
186 366 285 407 Cujus
312 374 385 398 earo
409 363 522 397 floruit

232 413 464 450 incarnatione,

183 462 305 495 Postea
330 459 479 495 defloruit

235 510 307 543 dira
331 510 492 551 passione,

185 560 237 592 Ac
261 559 393 591 tandem
420 555 568 590 refloruit

233 606 481 646 resurrectione,

185 654 324 688 Dulcem
350 652 490 686 fructum
515 652 670 694 praebuit

231 704 266 736 in
291 704 489 736 ascensione.

149 807 156 814 .
185 780 285 820 Quem
309 784 346 813 ut
370 780 421 813 leo
449 779 589 812 catulum

233 828 324 862 Deus
347 829 526 871 suscitavit,

184 878 318 910 Portam
342 877 376 910 in
402 877 612 909 monticulum

234 926 368 959 Samson
393 926 442 958 sic
465 926 619 966 portavit,

185 973 339 1016 Stygeum
365 974 567 1015 allophylum

233 1023 281 1055 ita
305 1022 489 1064 subjugavit

185 1071 396 1112 Fortiterque
421 1071 576 1112 populum

235 1129 326 1152 suum
352 1119 514 1152 liberavit.

152 1224 158 1231 .
185 1197 372 1239 Resurgens
398 1196 563 1236 velociter,

236 1247 300 1278 cito
326 1255 401 1279 nam
429 1246 582 1285 victurus²

188 1294 314 1327 Multos
340 1294 505 1327 socialiter

235 1342 495 1386 resuscitaturus,

188 1390 299 1433 Surgit
322 1391 528 1432 integraliter

237 1439 319 1473 nihil
344 1440 527 1483 relicturus,

188 1488 272 1521 Item
297 1488 507 1521 aeternaliter

235 1546 397 1578 nunquam
423 1538 609 1572 moriturus.

154 1641 160 1648 .
189 1613 287 1656 Cujus
315 1624 389 1648 caro
415 1618 543 1648 mortua

236 1663 312 1697 viva
338 1673 409 1697 cum
434 1663 585 1707 surrexit,

190 1711 310 1745 Cervus
337 1722 395 1745 sua
421 1721 542 1746 cornua

236 1761 355 1794 iterum
380 1762 564 1802 resumpsit,

188 1809 353 1850 Jonasque
379 1810 420 1843 de
444 1809 555 1843 bellua

236 1858 370 1892 illaesus
397 1859 505 1902 exivit,

188 1906 235 1939 Et
258 1907 401 1948 phoenix
427 1908 563 1940 occidua

238 1964 298 1997 per
322 1957 429 1998 ignem
453 1956 582 1989 revixit.

132 2056 163 2069 ..
189 2034 221 2066 A
247 2034 337 2074 cujus
365 2034 514 2074 potentia

237 2080 408 2115 infernalis
433 2083 484 2114 leo

191 2130 304 2163 Victus
331 2134 381 2163 est
407 2139 479 2163 cum
504 2129 604 2164 tertia

241 2180 293 2212 die
317 2180 485 2221 hypogaeo

193 2227 312 2269 Surgit,
339 2237 426 2260 nunc
451 2236 490 2260 ex
513 2228 620 2269 gratia

240 2275 328 2309 adsit
354 2277 443 2309 cordi
468 2285 551 2317 meo,

193 2323 319 2356 Ductus
344 2325 545 2365 poenitentia

240 2372 295 2413 qui
320 2375 455 2413 peccata
478 2371 552 2407 fleo.

824 362 856 395 6.

808 2035 864 2068 10.

885 360 948 400 Qui
969 359 1094 393 virtute
1120 358 1249 400 pepulit

932 409 1050 441 tartari
1078 408 1260 442 draconem,

886 457 926 491 in
954 458 1083 490 deserto
1106 456 1243 497 pertulit

932 514 1027 547 quem
1052 505 1143 538 velut
1166 503 1377 545 praedonem,

883 553 976 594 Quod
1002 557 1035 586 et
1058 563 1139 595 opus
1164 552 1320 595 praetulit

934 602 1055 636 factum
1081 611 1141 643 per
1166 601 1365 641 Samsonem,

889 652 998 685 Vineis
1021 652 1056 684 in
1080 650 1235 692 Engaddi

935 709 1007 733 cum
1032 700 1151 733 stravit
1174 699 1312 731 leonem.

852 804 857 811 .
887 781 987 818 Quem
1017 776 1318 810 fraudulentissime

930 826 1087 860 tractavit
1112 825 1249 865 Judaea‚

884 875 930 909 Et
954 874 1188 908 violentissime

934 933 1051 965 passus
1078 925 1127 954 est
1151 921 1191 955 ab
1216 930 1255 954 ea

891 972 985 1012 Quod
1014 972 1163 1012 designat
1187 971 1309 1011 optime

938 1022 997 1054 illa
1021 1018 1255 1061 Thamnathea,

887 1070 1075 1104 Samsonem
1100 1077 1182 1109 quae
1206 1067 1347 1108 pessime

935 1117 1023 1151 fallit
1047 1118 1160 1149 mortis
1182 1125 1249 1150 rea.

854 1224 860 1230 .
887 1196 947 1235 Qui
971 1195 1150 1229 vindictam
1171 1195 1347 1227 maximam

949 1253 1078 1277 sumens
1106 1244 1147 1276 de
1172 1242 1318 1283 Judaeis,

887 1292 1009 1326 Feram
1033 1292 1266 1325 ferocissimam

936 1342 1046 1375 Titum
1071 1341 1159 1373 misit
1185 1340 1242 1380 eis,

889 1391 1026 1424 Samson
1051 1390 1128 1423 huic
1153 1389 1351 1422 simillimam

935 1439 1016 1473 fecit
1040 1439 1236 1481 Philistaeis‚

889 1489 1021 1530 Segetes
1048 1492 1081 1521 et
1104 1488 1232 1520 vineam

938 1546 1009 1570 cum
1036 1535 1206 1569 succendit
1231 1535 1287 1567 eis.

891 1614 989 1655 Cujus
1017 1624 1087 1647 cum
1113 1613 1310 1655 supplicium

937 1663 1042 1696 tristis
1067 1662 1247 1698 meditaris,

888 1712 936 1746 Et
958 1722 1020 1753 per
1044 1712 1128 1745 illud
1154 1711 1299 1744 triduum

940 1761 1036 1794 nimis
1061 1760 1275 1800 contristaris,

888 1810 1040 1844 Dulciter
1064 1818 1125 1851 per
1147 1809 1249 1843 filium

939 1861 1030 1892 tuum
1054 1858 1242 1898 consolaris,

892 1908 972 1943 Gum
997 1907 1083 1941 hunc
1108 1911 1185 1948 post
1207 1906 1402 1947 martyrium

939 1957 1028 1989 laeta
1053 1956 1244 1998 specularis.

894 2033 953 2067 Cui
979 2043 1051 2067 cum
1076 2034 1203 2067 laetitia

943 2082 1223 2123 conresurrexisti‚

894 2130 973 2164 Cum
997 2132 1085 2164 hunc
1111 2132 1164 2164 die
1187 2132 1287 2164 tertia

940 2180 1050 2212 vivum
1077 2180 1285 2220 conspexisti,

894 2227 1014 2260 Mortis
1041 2229 1109 2268 ejus
1135 2228 1245 2260 tristia

943 2276 1036 2316 quasi
1060 2285 1125 2308 non
1150 2276 1282 2309 sensisti

893 2323 955 2356 Vel
981 2324 1021 2357 ob
1049 2324 1158 2357 cordis
1182 2325 1303 2366 gaudia

944 2372 1047 2405 oblita
1071 2371 1175 2408 fuisti,
