1656 2674
735 73 976 109 -94-

681 210 808 243 Pars
839 210 1028 244 tertia.

729 291 781 320 Ad
800 292 969 320 Primam.

837 362 863 394 I.

190 433 247 468 61.
273 433 355 475 Ave,
382 444 501 475 parens
525 436 650 471 inclita*

322 482 473 516 Summae
496 484 662 529 bonitatis,

261 530 451 564 Relaxantis
479 532 589 565 debita

321 579 463 612 Nostrae
486 581 669 627 pravitatis,

275 626 410 670 Quaeso,
435 638 488 661 me
511 629 651 663 habilita

322 676 401 708 Tuis
427 678 636 718 praedicatis,

272 723 499 758 Restaurando
520 726 651 766 perdita

323 773 433 806 Omnis
459 774 643 814 probitatis.

190 835 247 869 62.
273 835 355 876 Ave,
383 845 479 876 quam
503 839 675 879 praesagia

323 884 442 916 Vatum
465 886 709 925 praedixerunt,

273 933 461 973 Inspirante
486 934 594 974 gratia

324 980 404 1014 Cum
432 981 472 1013 de
497 984 530 1013 te
556 982 767 1024 scripserunt,

276 1029 397 1062 Salutis
423 1030 570 1063 remedia

324 1078 442 1111 Omnes
469 1082 674 1120 receperunt,

262 1127 324 1168 Qui
349 1133 406 1159 tua
430 1128 607 1168 praeconia

322 1176 418 1209 Laeti
445 1177 663 1210 concinerunt.

191 1240 249 1274 63.
274 1239 356 1283 Ave,
385 1240 482 1272 stella
506 1240 618 1273 lucida

323 1288 476 1321 Rutilans
501 1289 536 1321 in
561 1299 665 1328 mane,

273 1337 326 1370 Ab
352 1337 404 1369 his
430 1338 556 1378 pellens
582 1339 702 1380 lurida,

323 1385 384 1426 Qui
409 1390 443 1419 te
467 1387 604 1419 laudant
628 1397 717 1430 sane,

274 1435 439 1476 Tempora
465 1436 522 1468 des
548 1435 675 1478 fulgida

322 1484 418 1517 Plebi
445 1484 659 1529 Christianae,

275 1532 377 1572 Quam
403 1533 600 1574 perturbant
621 1535 733 1568 valida

321 1581 417 1615 Bella
441 1583 547 1623 gentis
572 1592 686 1616 vanae.

192 1646 248 1680 64.
274 1645 357 1685 Ave,
384 1647 604 1679 sanctuarium

324 1694 384 1726 Dei
413 1695 588 1736 singulare,

274 1743 316 1776 1d
342 1752 402 1784 per
426 1744 645 1777 laudatorium

324 1791 431 1825 Conor
456 1802 552 1834 quam
576 1794 723 1836 laudare,

275 1839 388 1872 Scelus
413 1850 521 1874 meum
548 1843 672 1875 varium

322 1888 476 1930 Digneris
501 1892 661 1924 mundare

273 1937 422 1978 Mihique
449 1939 619 1971 donarium

325 1985 415 2019 Coeli
439 1987 628 2028 impetrare.

191 2054 247 2086 65.
274 2054 357 2094 Ave,
382 2063 478 2095 quam
504 2056 684 2096 spectabile

323 2102 457 2143 Signum
484 2106 516 2135 et
537 2104 664 2145 insigne

274 2150 555 2184 Praemonstravit
579 2153 693 2185 sedule

321 2199 361 2231 In
385 2200 466 2232 rubo
488 2202 521 2231 et
544 2201 630 2244 igne,

274 2246 407 2286 Adjuva
430 2248 588 2281 benevole

323 2294 409 2327 Tuos
436 2298 469 2327 et
492 2296 640 2340 benigne,

274 2342 359 2381 Quos
384 2344 579 2382 perturbant
604 2344 722 2378 frivole

321 2390 441 2423 Hostes
469 2401 508 2424 ac
532 2393 682 2434 maligne.

889 440 946 473 66.
973 439 1055 480 Ave,
1086 438 1161 471 divo
1186 438 1331 479 germine

1023 487 1111 527 Quae
1136 486 1374 529 gravidabariS,

973 537 1005 569 A
1032 536 1164 568 coelesti
1188 535 1310 567 lumine

1021 584 1108 618 Dum
1131 584 1338 624 salutabaris,

970 633 1041 666 Hos
1066 633 1168 666 reduc
1195 633 1236 665 de
1261 633 1393 665 turbine

1021 682 1201 715 Procellosi
1225 682 1335 725 maris,

973 733 1004 764 A
1031 730 1146 771 quibus
1171 730 1235 763 hoc
1260 730 1404 763 carmine

1021 779 1148 811 Devote
1172 779 1328 812 laudaris.

890 841 946 874 67.
972 841 1055 881 Ave,
1081 842 1184 882 virga,
1213 842 1346 873 coelitus

1010 888 1090 920 Flos
1118 889 1158 921 de
1184 898 1247 929 qua
1271 890 1441 930 processit,

976 936 1110 975 Quando
1135 936 1200 968 Dei
1224 935 1309 968 filius

1026 984 1156 1016 Nostris
1181 993 1217 1016 se
1241 984 1388 1028 ingessit,

976 1032 1063 1065 Ecce
1089 1035 1163 1065 tuus
1189 1031 1329 1065 famulus

1014 1081 1133 1114 Tristis
1157 1084 1191 1113 te
1216 1082 1362 1114 accessit.

976 1128 1088 1162 Luxus
1113 1130 1227 1162 mundi
1250 1130 1394 1163 lubricus

1025 1178 1132 1211 Nimis
1158 1188 1251 1219 quem
1280 1180 1451 1221 depressit.

895 1243 949 1276 68.
977 1242 1059 1282 Ave,
1083 1242 1182 1282 plena
1207 1243 1322 1284 gratia,

1025 1290 1118 1323 Mitis
1144 1294 1241 1332 atque
1266 1292 1332 1335 pia,

981 1339 1096 1372 Cordis
1123 1349 1219 1380 quam
1245 1342 1425 1374 constantia

1025 1387 1099 1420 Hae
1124 1389 1158 1420 in
1183 1389 1360 1430 hymnodia

979 1438 1136 1478 Veneror,
1161 1438 1279 1470 solatia

1027 1487 1189 1527 Praestes,
1217 1496 1235 1519 ο
1260 1486 1378 1519 Maria.

977 1535 1056 1568 Mea
1079 1538 1113 1567 te
1135 1536 1291 1576 prosapia

1029 1584 1161 1618 Cunctis
1186 1585 1221 1617 in
1245 1585 1307 1617 hac
1331 1585 1396 1619 via.

896 1648 952 1681 69.
978 1648 1061 1688 Ave,
1088 1647 1335 1680 tabernaculum

1029 1696 1144 1729 Nostri
1169 1697 1353 1737 salvatoris,

980 1745 1199 1779 Laudandum
1223 1754 1284 1787 per
1307 1746 1467 1787 sedulum,

1032 1794 1161 1827 Cultum
1188 1795 1312 1827 cunctis
1334 1795 1434 1838 horis,

978 1841 1112 1884 Precor,
1140 1844 1185 1876 sis
1210 1844 1437 1877 umbraculum

1025 1892 1095 1925 Mei
1119 1893 1312 1936 peccatoris,

978 1940 1188 1982 Temptatum
1213 1951 1273 1983 per
1298 1942 1450 1975 zabulum

1014 1990 1107 2022 Intus
1133 1994 1231 2032 atque
1256 1990 1348 2024 foris.

895 2057 951 2090 70.
977 2057 1060 2098 Ave,
1088 2059 1305 2101 stillicidium,

1026 2107 1147 2139 Potens
1173 2109 1351 2149 propinare

977 2153 1081 2188 Justis
1106 2156 1141 2187 in
1164 2157 1367 2196 praesidium

1025 2203 1151 2236 Nectar
1176 2205 1331 2247 salutare,

975 2250 1081 2284 Tuum
1105 2260 1167 2291 per
1192 2254 1394 2292 praesidium

1023 2299 1079 2331 Me
1104 2300 1186 2332 velis
1213 2304 1338 2343 aptare,

975 2346 1023 2379 Ut
1045 2347 1130 2380 illud
1155 2351 1348 2389 mysterium

1021 2395 1148 2437 Dignus
1175 2398 1236 2430 sim
1262 2401 1417 2435 tractare.
