1656 2674
221 193 279 227 11.
307 194 381 227 Ave
404 195 543 227 thronus
568 196 704 239 gratiae,

355 243 440 276 Vitis
467 241 607 276 fundens
633 244 717 287 vina,

308 291 411 325 Navis
438 292 525 324 omni
551 293 639 325 carie

357 340 478 374 Carens
506 345 536 372 et
563 342 700 383 sentina,

305 388 367 433 Da,
395 399 437 422 ne
463 389 576 421 cadam
603 390 701 422 hodie

353 437 463 470 Morte
492 438 674 478 repentina,

306 485 433 519 Inferni
457 486 602 518 malitiae

353 534 405 567 Ne
429 532 507 568 fiam
531 535 658 575 rapina.

220 592 276 625 12.
304 594 386 633 Ave,
413 594 470 626 lux
495 593 649 633 laetitiae,

353 641 464 674 Mater
488 641 645 683 liberalis,

302 690 387 722 Vitis
414 689 643 730 abundantiae,

349 737 440 770 Fove
464 746 516 769 me
541 737 600 770 sub
628 738 699 779 alis,

302 785 354 818 Da
379 787 444 818 ritu
467 786 615 825 justitiae

350 834 401 866 Ne
428 834 604 875 conjungar
629 835 734 879 malis,

301 882 367 915 Sed
391 892 452 924 per
479 883 564 915 dona
589 883 713 924 gratiae

349 931 452 964 Justis
479 932 540 963 sim
565 932 720 972 aequalis.

217 988 273 1022 13.
300 990 382 1032 Ave,
410 988 470 1022 flos
495 990 685 1033 munditiae,

349 1037 494 1071 Mundus
521 1048 541 1070 a
562 1038 691 1082 pruina,

299 1087 453 1127 Myrthus
479 1087 727 1127 temperantiae,

348 1135 450 1176 Aegri
474 1135 646 1175 medicina,

298 1183 391 1216 Dono
418 1183 599 1222 sapientiae

346 1232 391 1264 Et
413 1232 495 1272 legis
523 1231 672 1264 doctrina

298 1280 403 1312 Menti
428 1288 520 1312 meae
544 1280 673 1311 sauciae

346 1328 512 1361 Medelam
538 1328 688 1369 propina.

212 1388 267 1421 14.
295 1387 378 1427 Ave,
405 1386 492 1427 regis
518 1386 660 1427 gentium

344 1435 471 1476 Sponsa
497 1434 682 1478 Sunamitis,

296 1484 391 1517 Sitim
416 1483 543 1524 pellens
567 1484 723 1515 mentium

341 1532 451 1565 Radix
475 1540 572 1564 verae
598 1532 684 1571 vitis,

291 1582 356 1614 Per
380 1585 424 1623 te,
450 1580 506 1613 lux
532 1581 711 1613 errantium

339 1629 445 1663 Detur
470 1638 534 1669 pax
556 1630 714 1670 contritis,

292 1678 442 1711 Flamma
468 1678 725 1710 discordantium

341 1727 523 1762 suffocetur
547 1726 626 1761 litis,

206 1785 263 1820 15.
290 1786 374 1828 Ave,
401 1787 509 1819 turtur
535 1784 667 1827 nubilis,

337 1836 439 1876 Virgo
467 1833 661 1870 columbina,

287 1884 397 1917 Mater
423 1882 638 1926 admirabilis,

334 1933 425 1966 Rosa
448 1932 519 1964 sine
545 1932 651 1973 spina,

288 1982 403 2014 Turris
429 1980 630 2014 invincibilis

337 2030 504 2070 Stellaque
528 2030 665 2070 marina,

284 2079 518 2113 Mandatorum
544 2078 708 2112 vinculum

333 2129 403 2162 Deo
428 2136 482 2161 me
508 2127 666 2161 combina.

926 197 984 231 16.

923 593 979 628 17.

919 988 975 1023 18.

916 1385 973 1421 19.

913 1787 969 1820 20.

1010 197 1036 230 Ο
1062 206 1175 230 verum
1200 197 1351 230 solatium

1058 245 1143 279 Juva
1166 246 1278 278 mortis
1304 247 1393 286 hora,

1009 295 1113 328 Dulce
1139 293 1343 335 refrigerium

1058 342 1200 376 Coelitus
1225 343 1341 384 irrora,

1008 390 1111 423 Tuum
1137 391 1247 423 mitem
1273 390 1374 424 filium

1055 440 1119 473 Pro
1144 448 1197 471 me
1222 443 1298 472 tunc
1324 450 1433 484 exora,

1005 485 1209 521 Delictorum
1234 489 1374 521 omnium

1055 536 1191 569 Veniam
1214 537 1365 577 implora.

1007 594 1032 627 O
1057 595 1213 628 virtutum
1239 596 1360 638 regula,

1057 642 1207 676 Genitrix
1233 643 1382 685 benigna,

1006 690 1104 732 Virgo
1131 691 1201 724 sine
1225 692 1361 732 macula,

1054 739 1185 772 Summa
1208 740 1307 773 laude
1334 741 1440 781 digna,

1005 786 1172 821 Scandens
1199 787 1280 820 fumi
1304 789 1442 832 virgula,

1051 836 1120 869 Nos
1147 836 1207 868 tibi
1234 837 1396 880 consigna,

1006 883 1131 917 Cuncta
1155 894 1252 925 prece
1275 886 1392 918 sedula

1052 933 1237 974 Comprime
1261 934 1412 974 maligna.

1004 990 1029 1023 O
1054 990 1175 1024 Christi
1200 1000 1372 1032 puerpera,

1052 1039 1165 1071 Dulcis
1192 1040 1236 1071 mi
1261 1044 1410 1080 patrona,

1001 1086 1058 1119 Me
1082 1090 1273 1127 peccantem
1297 1096 1416 1128 repara

1048 1136 1239 1169 Auferendo
1262 1146 1356 1176 vana,

1001 1181 1087 1217 Nato
1114 1193 1166 1216 me
1192 1183 1398 1225 eonfoedera,

1048 1231 1093 1265 Ut
1119 1240 1179 1273 per
1204 1242 1263 1265 sua
1289 1233 1374 1265 dona

1001 1279 1086 1313 Mihi
1113 1282 1213 1314 dones
1238 1290 1398 1321 prospera

1047 1328 1091 1362 Et
1116 1329 1279 1362 coelorum
1305 1330 1397 1362 dona.

1001 1386 1026 1419 Ο
1054 1389 1169 1429 regina
1194 1390 1318 1427 tenera,

1046 1435 1174 1469 Nostra
1199 1436 1369 1474 advocata,

997 1482 1062 1515 Per
1088 1493 1183 1525 quam
1210 1487 1285 1516 sunt
1308 1483 1456 1517 facinora

1044 1532 1163 1566 Mundi
1189 1536 1344 1575 reserata,

998 1582 1121 1615 Mentis
1148 1581 1205 1621 pia
1229 1582 1377 1623 vulnera,

1048 1630 1073 1663 O
1098 1631 1189 1671 virgo
1215 1630 1321 1670 beata,

998 1679 1086 1719 Quae
1111 1677 1231 1711 inflixit
1258 1678 1357 1711 effera

1048 1727 1171 1761 Cohors
1199 1730 1231 1760 et
1253 1728 1416 1761 damnata.

996 1786 1101 1818 Tuum
1126 1785 1208 1819 mihi
1229 1786 1352 1827 jugiter

1044 1835 1144 1868 Adsit
1170 1835 1383 1876 eonsolamen,

995 1884 1046 1916 Ac
1070 1884 1103 1916 in
1130 1887 1235 1916 morte
1259 1882 1398 1917 firmiter

1041 1933 1152 1966 Prosit,
1176 1933 1383 1975 adjuvamen,

996 1981 1080 2015 Orco
1101 1991 1143 2014 ne
1162 1982 1352 2022 perenniter

1043 2031 1172 2064 Tradar
1196 2034 1271 2071 post
1298 2040 1443 2076 examen,

994 2079 1059 2112 Sed
1085 2083 1193 2112 tecum
1219 2078 1361 2112 feliciter

1041 2128 1112 2161 Deo
1139 2126 1240 2161 fruar.
1291 2129 1409 2164 Amen.

265 2196 335 2225 0011.
358 2197 387 2226 S.
405 2197 489 2225 Petri
508 2195 714 2233 Salisburgen.
736 2197 754 2225 h
776 2196 808 2225 Π
823 2193 841 2224 3
860 2204 937 2224 saec.
961 2195 1005 2225 15.
1027 2196 1078 2225 fol.
1094 2194 1152 2225 274
1173 2204 1199 2223 a.
1221 2195 1256 2223 A.
1274 2212 1314 2216 ——
1335 2196 1405 2225 cod.
1420 2198 1540 2226 Lunae-

182 2237 277 2266 lacen.
300 2245 377 2266 saec.
406 2236 452 2265 15.
481 2235 551 2263 Cod.
577 2235 676 2263 Palat.
702 2236 832 2265 Vindob.
853 2233 947 2270 3835,
982 2236 1090 2264 claraus
1117 2237 1149 2263 in
1175 2235 1246 2263 Cod.
1273 2235 1325 2264 SS.
1347 2236 1485 2265 Uldariei
1511 2239 1541 2265 et

182 2276 273 2305 Afrae
301 2276 376 2305 Clm.
404 2276 523 2304 Monac.
549 2272 627 2303 4423
654 2275 705 2303 fol.
733 2273 803 2312 308,
832 2275 957 2304 wonaeh
983 2276 1033 2304 bei
1061 2276 1153 2304 Mone
1179 2272 1246 2303 512.
1267 2275 1301 2303 Β.
1323 2291 1357 2295 ——-
1381 2276 1462 2304 Orat.
1484 2285 1539 2305 ms·

182 2316 367 2353 Teg’urinum
389 2316 460 2344 anni
484 2313 558 2343 1467
582 2313 655 2343 Glm.
676 2315 795 2344 Monac.
820 2313 856 2343 19
866 2313 921 2344 991
943 2315 994 2344 fol.
1017 2312 1074 2344 280
1095 2315 1124 2344 b.
1150 2313 1181 2342 C.

262 2355 423 2393 „Sequitur
444 2362 565 2383 carmen
585 2354 675 2383 valde
691 2354 859 2391 jucundum
881 2357 911 2384 et
929 2355 1087 2391 pulchrum
1109 2354 1145 2383 de
1165 2354 1408 2391 superlaudanda
1426 2358 1456 2385 et
1474 2356 1539 2385 ‹lul-

181 2396 304 2425 eissima
333 2402 482 2433 puerpera
502 2394 578 2423 Jesu
600 2394 714 2424 Christi
741 2395 785 2424 »Ο
810 2394 1012 2432 pulcherrima
1039 2394 1226 2423 mulierum«.

1271 2394 1313 2422 E†
1337 2394 1394 2424 hoe
1420 2404 1540 2425 carmen

180 2437 280 2472 potest
300 2437 416 2464 cantari
438 2434 493 2464 sub
516 2438 603 2462 neta:
637 2435 702 2463 Ave
721 2435 830 2463 vivens
850 2432 978 2463 hostia.“
1000 2434 1036 2462 A.
