1656 2674
733 88 972 124 -29„..

178 185 237 219 23.
266 182 383 220 Zelum
408 186 489 219 mihi
514 186 632 225 tribue,
974 188 1073 223 Salva
1096 198 1150 221 me
1176 189 1326 223 continue

312 234 423 276 Pater,
450 236 537 276 nate,
563 234 692 279 flamen,
1021 238 1126 270 Tuum
1151 247 1211 279 per
1233 240 1396 282 juvamen,

264 282 377 317 Colam
403 293 466 325 quo
491 283 637 324 proficue
972 285 1120 319 Laudem
1144 290 1182 319 ut
1206 290 1364 329 perpetue

312 332 361 365 Te
385 341 446 373 per
471 333 534 365 hoe
558 333 742 376 laudamen,
1018 336 1068 369 Te
1093 343 1164 367 cum
1189 337 1321 370 sanctis,
1360 337 1475 369 Amen.

256 404 338 433 Orat.
360 413 414 432 ms.
434 405 620 442 Tegurinum
639 413 717 433 saec.
741 403 786 434 15.
802 405 875 434 G1m.
891 406 1063 435 Monacens.
1087 404 1124 435 20
1133 405 1191 435 005
1210 407 1261 436 fol.
1282 406 1320 435 47
1342 416 1361 435 a
1381 415 1424 444 sq.
1440 406 1475 435 A.
1491 421 1531 425 —

177 441 260 470 Orat.
284 452 339 472 ms.
365 444 565 480 Tegrinsense
597 452 675 473 saec.
705 442 750 472 15.
780 444 853 474 Glm.
880 446 1053 474 Monacens.
1085 443 1186 475 20016
1215 446 1267 475 fol.
1293 444 1349 475 169
1375 447 1394 475 b
1422 454 1466 482 sq.
1496 446 1528 473 Β.

533 491 701 527 „Carminis
723 496 876 522 auctorem

587 531 677 567 hujus
700 531 819 561 Christe
839 542 895 561 nee
914 541 976 562 non
997 536 1150 562 cantorem

530 569 606 598 Post
624 571 730 599 mundi
753 572 890 600 laborem

589 609 735 638 coelicum
758 618 869 647 quaeso
893 611 951 639 (1110
970 611 1004 638 111
1025 608 1189 640 ᾰο0010111.“
1215 612 1234 641 f.
1255 608 1311 639 171
1335 619 1362 639 a.
1383 612 1417 640 B.

259 654 303 692 10,
325 655 343 685 5
363 666 393 684 11.
414 657 444 685 ff.
464 657 565 686 fehlen
583 658 619 687 A.
640 674 679 680 ·——
704 656 749 694 11,
771 657 789 688 3
816 659 943 688 laudant
961 659 995 687 B.
1017 675 1055 679 —
1081 657 1117 688 13
1136 660 1221 696 Noys
1241 668 1310 688 mea
1328 660 1362 688 B.
1383 673 1422 679 -—
1444 657 1489 694 18,
1513 657 1527 687 1

181 692 284 732 Sibos,
313 704 361 724 am
388 697 494 725 Raude
521 697 635 725 aeolico
666 706 803 727 sermone
828 698 861 733 B,
883 698 963 727 wohl
982 710 1022 721 =
1043 699 1147 736 σέβος,
1169 708 1231 728 was
1253 698 1325 727 aber
1344 707 1411 735 gen.
1432 700 1528 726 neutr.

179 735 220 762 ist
239 735 301 763 und
321 734 452 763 anderen
472 735 573 764 Vokal
594 736 655 764 hat.

544 869 574 900 4.
615 870 660 901 De
680 877 705 901 5.
729 868 889 902 Trinitate
908 869 1086 923 Abcdarius
1109 869 1163 902 IH.

181 939 216 973 1.
245 937 360 981 Alpha
385 942 418 972 et
443 949 461 973 0
487 941 661 981 nominate,
912 944 943 977 6.
970 938 1065 976 Forti
1089 950 1175 975 nunc
1201 941 1387 974 contritioni

289 988 379 1021 Deus
405 997 516 1021 rerum
543 990 704 1031 conditor,
1018 990 1146 1032 Linque
1171 989 1339 1022 sensibilia

239 1036 340 1076 Quem
365 1045 428 1077 per
451 1037 607 1079 hymnum
634 1038 786 1071 ordinate
969 1038 1040 1071 Nec
1063 1048 1129 1071 non
1155 1038 1342 1078 operatione

288 1085 448 1118 Venerari
472 1086 599 1127 molior,
1018 1086 1254 1128 Intelligibilia‚

237 1133 340 1166 Adsis
365 1133 446 1166 mihi
468 1134 632 1175 miserate,
969 1135 1113 1175 Mystica
1136 1135 1169 1166 in
1197 1135 1320 1167 visione

286 1182 334 1214 Te
361 1181 478 1214 devote
504 1183 671 1222 deprecor.
1017 1182 1146 1216 Scande
1171 1183 1214 1216 ad
1239 1182 1401 1215 coelestia.

181 1245 214 1277 2.
242 1239 449 1277 Benedicens
474 1248 508 1277 te
533 1245 659 1278 sincero
910 1247 941 1280 7.
970 1242 1079 1280 Gnare
1103 1245 1252 1286 linquens
1278 1253 1317 1277 ac
1342 1245 1469 1277 sincere

290 1292 406 1332 Corde,
434 1294 548 1325 sancta
572 1294 714 1335 trinitas,
1018 1294 1151 1327 Omnem
1177 1303 1246 1326 rem
1274 1293 1458 1335 creabilem,

239 1340 317 1373 Mea
341 1340 404 1373 tibi
428 1341 499 1374 Deo
526 1350 603 1375 vero
967 1342 1042 1375 Tibi
1068 1342 1176 1375 sinens
1203 1342 1383 1375 adhaerere

289 1389 331 1423 Se
356 1389 536 1423 substernit
560 1390 717 1431 pravitas,
1017 1391 1089 1423 Nec
1112 1389 1361 1432 intelligibilem,

238 1437 423 1471 Veneratur
447 1447 542 1480 quem
569 1448 639 1471 cum
666 1439 753 1473 clero
966 1439 1005 1471 In
1032 1440 1186 1482 divinam,
1215 1439 1287 1472 dico
1313 1448 1401 1480 vere,

286 1486 370 1519 Tota
396 1486 635 1522 Christianitas.
1015 1487 1096 1521 Mox
1116 1487 1221 1520 intras
1247 1487 1429 1528 caliginem.

178 1551 210 1584 3.
240 1546 338 1590 cujus
365 1558 500 1583 cernens
525 1554 754 1592 paupertatem
907 1552 939 1585 8.
966 1546 1038 1584 Hac
1062 1553 1096 1583 te
1124 1550 1188 1582 rite
1214 1549 1423 1583 exsistentem

285 1598 423 1631 Pietatis
450 1599 543 1632 oculo
1013 1599 1052 1631 In
1077 1598 1166 1632 felici
1190 1597 1336 1639 tenebra,

236 1645 378 1679 Auferas
405 1647 623 1680 calamitatem
963 1647 1034 1680 Deo
1060 1650 1093 1680 te
1116 1647 1322 1680 illuminante

287 1695 368 1729 Cum
394 1697 481 1728 omni
506 1697 653 1736 periculo
1015 1696 1112 1730 Clare
1138 1705 1251 1729 cernes
1275 1699 1393 1738 cetera,

236 1743 367 1778 Ducens
393 1744 479 1778 hanc
502 1754 562 1785 per
588 1746 785 1787 aequitatem
966 1744 1054 1785 Quae
1076 1745 1202 1778 habent
1224 1746 1296 1786 ipso
1324 1747 1455 1778 creante

283 1792 361 1826 Sine
390 1793 596 1828 offendiculo.
1014 1794 1128 1835 Terra,
1155 1797 1284 1836 pontus,
1313 1794 1457 1829 aethera.

174 1857 208 1891 4.
233 1852 341 1890 Deum
366 1856 488 1889 trinum
510 1857 545 1889 111
570 1857 729 1899 personis,
907 1858 938 1892 9.
965 1854 1007 1892 In
1031 1857 1095 1891 hoc
1119 1860 1207 1890 statu
1231 1857 1433 1890 obmutesces

283 1905 393 1940 Unum
418 1906 454 1939 111
479 1905 672 1948 substantia,
1014 1905 1280 1950 Intelligibiliter‚

233 1954 359 1988 Doctus
381 1955 508 1996 legibus
536 1956 653 1989 divinis
966 1955 1060 1989 Omni
1086 1965 1212 1998 quoque
1238 1958 1313 1989 actu
1338 1964 1429 1989 cares

282 2004 329 2037 Et
353 2013 497 2045 superna
526 2005 642 2047 gratia,
1013 2004 1065 2039 Ibi
1092 2005 1301 2044 sensibiliter,

236 2052 392 2094 Veneror,
420 2053 566 2094 quamvis
592 2055 652 2086 sim
680 2054 772 2097 ciuis,
963 2054 1051 2087 Miro
1077 2054 1175 2087 modo
1201 2054 1378 2087 hilaresces

281 2102 405 2135 Mentis
432 2111 505 2135 cum
531 2103 722 2139 constantia.
1011 2103 1058 2136 Et
1082 2103 1308 2136 amicabiliter.

173 2167 205 2201 5.
231 2161 375 2200 Elevare
400 2175 488 2199 nunc
511 2166 622 2208 ignote
880 2168 936 2204 10.
963 2163 1091 2202 Rarum
1113 2168 1204 2199 tuum
1229 2166 1277 2199 ibi
1301 2165 1428 2207 videns,

279 2215 358 2249 Mea
379 2224 471 2248 mens
497 2215 541 2249 ad
566 2215 751 2259 Dominum,
1011 2216 1163 2250 Electum
1190 2225 1230 2249 ex
1254 2214 1396 2257 milibus,

232 2263 337 2298 Ohoro
361 2264 502 2307 jungens
526 2266 560 2297 te
586 2266 705 2300 devote
964 2265 1176 2300 collaudabis
1199 2268 1238 2298 ut
1261 2263 1410 2297 arridens

278 2314 501 2356 Supernorum
528 2314 646 2348 civium
1011 2315 1132 2349 Jubilis
1159 2317 1192 2347 et
1219 2312 1400 2356 plausibus,

230 2363 392 2397 Intuendo
418 2364 472 2398 vel
500 2363 617 2398 devote
963 2363 1099 2406 Semper
1124 2362 1190 2397 frui
1217 2362 1448 2403 concupiscens

279 2412 396 2447 Cordis
422 2423 483 2455 per
510 2414 698 2456 suspirium.
1010 2414 1118 2456 Ipsius
1145 2412 1359 2455 amplexibus,
