1656 2674
717 85 956 121 —89-

817 244 862 278 II.

167 335 225 372 11.
253 337 361 377 Salve,
389 348 472 379 quae
495 339 673 380 hospitium
869 341 927 374 16.
955 341 1062 382 Salve,
1090 350 1202 374 carens
1226 342 1349 374 stimuli

292 386 420 420 Christo
446 388 618 429 peregrino
999 389 1068 422 Tua
1093 390 1251 430 genitura,

252 434 439 469 Praebuisti
463 440 589 468 uterum
953 437 1054 478 Quam
1082 438 1267 471 collaudant
1290 439 1397 480 angeli

301 483 355 517 Ex
380 487 460 517 nutu
486 484 605 524 divino,
999 487 1173 527 Omnisque
1198 486 1335 526 factura,

253 533 284 565 A
311 540 389 564 casu
412 542 465 565 me
486 533 639 566 miserum
953 536 1054 569 Servo
1077 538 1133 567 tuo
1157 534 1260 568 flebili

304 580 421 614 Serves
447 582 627 623 repentino,
1000 584 1128 616 Adesse
1151 588 1287 623 matura,

252 629 303 662 Ne
328 630 442 662 trahar
467 631 509 663 ad
535 629 676 663 inferum
952 632 1087 672 Quando
1115 641 1211 665 carne
1238 633 1337 666 debili

300 678 448 717 impulsu
474 678 661 711 Sathanino.
1000 680 1161 722 Linquam
1186 682 1374 714 transitura.

171 764 227 798 12.
255 764 361 805 Salve,
390 774 472 805 quae
499 764 540 798 de
565 764 740 807 Nazareth,
870 767 924 800 17.
953 766 1058 809 Salve,
1087 767 1177 807 cujus
1207 768 1363 808 gremium

299 814 475 854 Postquam
502 814 689 855 concepisti,
1001 816 1104 848 Tenet
1128 816 1275 855 puellare

250 862 305 895 Ad
332 865 477 894 sanctam
502 862 675 895 Elisabeth
951 863 1134 897 Humanum
1160 865 1319 901 solatium²

299 909 454 943 Gaudens
479 911 666 953 perrexisti,
1001 912 1064 945 Dei
1088 913 1242 953 salutare⁷

252 959 362 992 Pietas
389 959 579 1000 appropriet
953 960 1110 993 Hostibus
1138 961 1337 993 credentium

299 1007 371 1040 Tua
395 1008 475 1040 mihi
500 1008 589 1040 tristi
1001 1009 1154 1050 Digneris
1180 1009 1319 1048 obstare,

251 1055 464 1097 Gratiamque
488 1058 642 1096 impetret
951 1057 1084 1098 Hosque
1109 1066 1168 1097 per
1194 1058 1354 1090 obsidium

298 1103 384 1137 Mihi
409 1104 488 1138 Jesu
515 1104 647 1138 Christi.
1000 1106 1105 1138 Tuum
1130 1114 1327 1148 expugnare.

167 1191 223 1225 13.
252 1191 358 1234 Salve,
388 1191 489 1233 virgo,
517 1192 644 1231 requies
870 1192 925 1227 18.
953 1191 1059 1234 Salve,
1086 1190 1205 1225 florens
1231 1194 1358 1235 virgula

300 1240 464 1273 Creatoris
489 1248 608 1281 rerum,
1000 1241 1113 1273 Aaron
1137 1241 1283 1276 Levitae„

251 1289 321 1329 Qua
345 1297 406 1329 per
429 1297 549 1322 novum
575 1289 723 1321 ordinem
950 1288 1051 1322 Flore
1075 1293 1130 1322 tuo
1156 1291 1310 1323 scandala

299 1338 454 1371 Pausavit
480 1338 614 1377 dierum,
1002 1337 1126 1371 Cuncta
1147 1338 1271 1378 pellens
1297 1339 1369 1376 rite,

250 1386 429 1427 Deprecor,
456 1385 614 1427 propities
951 1386 1031 1419 Post
1051 1386 1163 1419 mundi
1188 1386 1336 1427 pericula

296 1434 381 1468 Mihi
405 1434 511 1467 Deum
536 1443 658 1475 verum,
998 1435 1062 1467 Dic
1086 1435 1194 1468 nobis:
1222 1435 1349 1479 Venite,

249 1483 345 1516 Nunc
367 1491 427 1523 per
451 1486 560 1515 actum
583 1483 708 1523 pluries
949 1482 1044 1515 Laeti
1070 1483 1280 1517 tabernacula

298 1532 438 1565 Laesum
462 1531 669 1565 insincerum.
1002 1532 1090 1565 Coeli
1115 1532 1258 1565 introite.

166 1619 222 1653 14.
251 1618 357 1662 Salve,
385 1628 403 1652 o
429 1619 610 1652 Jerusalem
867 1621 922 1654 19.
951 1620 1057 1659 Salve,
1086 1620 1228 1652 candens
1252 1619 1358 1652 lilium

295 1668 383 1701 Filia
408 1667 560 1708 formosa,
1001 1670 1107 1702 Verae
1133 1669 1292 1701 castitatis

249 1717 375 1749 Pascua
398 1717 433 1749 in
458 1716 649 1750 Bethlehem
953 1716 1050 1758 Cujus
1077 1716 1158 1750 odor
1182 1715 1284 1749 filium

298 1765 440 1806 Gignens
465 1765 620 1807 pretiosa,
999 1766 1114 1798 Traxit
1139 1765 1202 1797 Dei
1227 1765 1342 1807 patris,

246 1815 302 1849 Ad
329 1814 410 1847 coeli
435 1814 624 1856 progeniem
950 1814 1023 1855 His,
1050 1822 1129 1855 quos
1155 1814 1379 1856 purgatorium

294 1863 404 1897 Meam
429 1863 586 1905 gaudiosa
997 1864 1096 1896 Punit
1120 1871 1180 1903 pro
1205 1862 1359 1906 peccatis,

247 1913 366 1954 Meque
392 1915 482 1945 tuum
508 1912 688 1953 supplicem
950 1912 1085 1955 Porrige
1111 1910 1298 1952 suffragium

294 1962 377 2002 Duc,
405 1971 423 1994 o
447 1961 600 2003 gloriosa.
998 1962 1090 1994 Tuae
1113 1960 1256 2001 pietatis.

163 2048 219 2083 15.
248 2049 355 2089 Salve,
383 2050 475 2091 virgo
501 2051 625 2089 tenera,
865 2050 921 2083 20.
950 2047 1057 2089 Salve,
1084 2047 1175 2089 virgo
1200 2047 1331 2089 nobiliS‚

295 2100 397 2132 Vates
423 2107 519 2139 quam
544 2097 755 2141 scripserunt,
999 2097 1131 2131 Cunctis
1157 2097 1347 2137 reverenda,

246 2147 348 2181 Sacra
375 2148 466 2188 qu‘us
491 2147 594 2179 ubera
950 2146 1053 2179 Nobis
1079 2149 1187 2179 tamen
1212 2144 1342 2178 famulis

297 2197 461 2231 Christum
481 2197 696 2236 lactaverunt,
998 2195 1077 2228 Tuis
1102 2196 1178 2237 post
1203 2194 1351 2236 colenda,

243 2246 304 2279 Pia
328 2250 443 2286 mater,
470 2253 624 2286 propera,
949 2244 1079 2277 Nostris
1105 2253 1126 2276 a
1149 2244 1299 2285 piaculis,

292 2296 350 2329 Me
375 2304 451 2328 nam
474 2294 682 2328 invaluerunt
996 2293 1117 2334 Mater,
1143 2302 1203 2326 nos
1231 2294 1366 2326 emenda

244 2346 337 2385 Caro,
364 2345 516 2386 mundus,
543 2344 658 2385 vipera
950 2342 1171 2384 Precibusque
1196 2343 1318 2375 sedulis

294 2394 404 2436 Stygis
430 2403 470 2428 ac
493 2394 668 2427 laeserunt.
998 2392 1084 2426 Nato
1111 2391 1348 2426 recommenda.
