1656 2674
693 74 935 110 ,261-

146 178 202 211 14.
231 174 256 212 Ο
282 175 388 209 forma
412 173 620 215 formificans,

142 600 198 633 15.

141 1025 197 1058 16.

141 1447 197 1482 17.

140 1874 196 1907 18.

276 225 397 257 Forma
420 222 622 264 muncipalis,

229 273 367 307 Cunctas
393 280 445 304 res
472 271 651 303 essentians

275 321 322 354 Ut
345 321 460 353 harum
486 319 634 359 causalis,

228 369 279 402 Sis
303 378 363 401 nos
388 368 448 400 tibi
473 367 636 408 glutinans

277 417 373 458 Legis
399 418 474 448 tuae
497 415 582 456 palis

226 465 272 499 Et
294 465 329 497 in
354 463 419 497 fine
444 471 642 505 congregans

276 512 411 546 Gratiae
436 512 494 544 sub
521 511 592 543 alis.

224 597 401 634 Pulchrum
427 608 445 631 o
473 597 622 631 deificum

273 648 319 681 Et
344 647 516 680 essentiale

224 696 271 729 Et
294 705 371 728 vere
394 694 565 728 mirificum

274 745 423 778 Omnium
449 743 588 787 causale,

224 793 336 826 Meum
359 792 421 825 tibi
445 791 601 832 placitum

273 841 343 874 Fac
366 840 535 881 rationale,

225 890 317 930 Quod
342 889 437 921 nimis
462 888 653 929 pestiferum

273 937 397 970 Premit
420 937 578 971 sensuale.

226 1022 312 1064 Quid
338 1033 416 1065 rogo
443 1026 493 1055 est
517 1024 614 1056 altius

272 1072 342 1105 Deo
366 1070 518 1104 infinito?

224 1120 308 1160 Quid
331 1120 574 1152 inscrutabilius

272 1168 381 1201 Etiam
404 1168 510 1208 perito
520 1169 537 1199 ‘s

224 1217 347 1249 Tamen
372 1216 453 1248 nihil
480 1216 606 1249 dulcius

272 1264 358 1298 Mihi
383 1267 416 1296 te
440 1264 596 1305 quaesito,

223 1313 351 1346 Adesse
377 1313 565 1345 clementius

270 1361 357 1394 Mihi
384 1361 462 1394 velis
489 1361 563 1394 cito.

223 1446 374 1489 Regnum
399 1450 489 1480 tuum
516 1449 657 1481 omnium

270 1497 418 1538 Regnum
443 1496 655 1537 saeculorum,

226 1545 404 1585 Coelorum,
431 1546 635 1577 terrestrium

271 1593 315 1626 Et
340 1592 531 1625 inferiorum

222 1642 287 1674 Hic
311 1641 559 1682 stipendialium

270 1690 376 1722 Tuum
399 1688 453 1722 fac
477 1690 639 1732 decorum,

222 1739 322 1778 Quem
345 1738 488 1771 reddunt
516 1738 707 1772 indecorum

272 1787 392 1821 Sordes
419 1787 579 1821 vitiorum.

224 1871 307 1915 Spes
330 1874 365 1906 in
391 1877 425 1906 te
450 1876 660 1917 sperantium,

273 1922 417 1955 Trinitas
443 1932 461 1955 0
486 1922 586 1965 Deus,

222 1971 343 2004 Remus
367 1970 638 2012 naufragantium,

270 2020 325 2052 Ad
351 2028 444 2060 quem
471 2020 589 2054 clamat
612 2030 697 2064 reus,

223 2067 363 2109 Spiritus
387 2066 545 2109 flagitium

273 2115 453 2149 Confitetur
476 2126 578 2161 meus,

223 2164 329 2197 Nimis
355 2174 449 2206 quem
471 2174 532 2206 per
556 2167 671 2199 vitium

274 2212 397 2246 Gravat
421 2213 611 2250 JebusaeuS.

842 171 898 206 19.

840 597 898 632 20.

840 1023 896 1056 21.

841 1449 899 1482 22.

839 1877 898 1910 23.

927 169 1073 207 Trinitas
1098 168 1245 202 benefica

973 220 1014 252 In
1039 218 1223 260 largitione,

926 269 1052 303 Cuncta
1076 276 1173 308 quam
1197 266 1404 300 hierarchica

974 315 1129 349 Laudant
1154 315 1319 355 concione,

925 365 999 398 Hac
1023 366 1172 405 petentes
1196 365 1357 405 psahnica

975 413 1023 446 Te
1048 413 1195 446 oratione

925 463 1122 496 Praeserves
1148 461 1189 494 ab
1215 462 1343 494 hostica

975 510 1232 553 ImPflgnatione.

925 595 1016 632 Vere
1039 598 1097 630 lux
1123 606 1157 629 es
1180 595 1300 630 nobilis

975 646 1080 687 Super
1101 654 1229 679 omnem
1253 645 1369 686 lucem,

926 694 1027 735 Quem
1052 697 1200 727 nostrum
1226 703 1299 727 cum
1324 694 1450 736 angelis

972 742 1168 777 Profitemur
1199 742 1324 785 ducem,

925 792 956 824 A
981 791 1075 824 nobis
1101 800 1173 824 cum
1197 792 1363 825 scandalis

973 840 1111 872 Hostem
1135 840 1224 880 pelle
1248 842 1385 881 trucem,

926 888 987 928 9111
1009 889 1128 930 ligatus
1153 888 1292 921 vinculis

972 936 1035 969 Est
1059 945 1120 977 per
1144 939 1291 969 sanctam
1321 946 1459 970 crucem.

923 1021 1116 1058 Xristianae
1142 1023 1236 1055 citius

973 1072 1127 1113 Digneris
1153 1072 1270 1104 adesse

924 1120 1029 1161 Plebi,
1057 1120 1157 1163 Deus,
1184 1120 1334 1160 pluribus

972 1168 1072 1201 Malis
1094 1169 1164 1209 ,iam
1190 1177 1386 1209 oppressae3

924 1216 1012 1250 Dum
1036 1219 1173 1249 naturae
1197 1217 1324 1257 legibus

973 1265 1061 1298 Mori
1088 1268 1136 1298 est
1160 1273 1305 1307 necesse,

922 1313 1115 1346 Electorum
1137 1313 1283 1347 coetibus

974 1362 1043 1394 Nos
1068 1360 1122 1395 fac
1145 1363 1315 1397 interesse.

925 1445 1106 1483 Ymnizans
1131 1451 1164 1481 te
1191 1457 1329 1482 veneror

973 1497 1083 1531 Unum
1108 1500 1206 1538 atque
1229 1499 1362 1539 trinum,

923 1545 1091 1579 Infinitum
1117 1544 1234 1589 fateor,

974 1594 1074 1634 Quem
1101 1597 1134 1627 et
1159 1604 1216 1627 ens
1248 1595 1404 1637 divinum,

922 1643 1153 1676 Machinamen
1179 1643 1339 1684 deprecor

971 1691 1078 1724 Aufer
1102 1691 1327 1734 Sathaninum,

923 1740 989 1773 Sed
1016 1743 1048 1773 et
1073 1750 1170 1782 1111110,
1199 1750 1261 1782 quo
1289 1742 1468 1785 deprimor,

970 1790 1135 1830 Impetum
1159 1789 1340 1830 vulpinum.

925 1874 1057 1912 Zelotes
1081 1877 1243 1919 amabilis,

971 1926 1082 1967 Pater,
1109 1925 1227 1969 Logos,
1254 1928 1404 1972 Flamen,

924 1974 1024 2014 9110111
1049 1975 1163 2008 laudat
1189 1984 1262 2009 cum
1287 1977 1413 2018 angelis

971 2023 1129 2056 Nostrum
1155 2033 1403 2068 congregamen,

923 2072 1023 2105 Tutet
1051 2082 1071 2105 a
1095 2073 1251 2114 perieulis

972 2121 1042 2153 Nos
1068 2124 1160 2153 tuum
1184 2123 1329 2156 solamen

923 2169 969 2202 Et
992 2168 1095 2201 finitis
1120 2171 1260 2204 saeculis

974 2217 1030 2250 Ad
1054 2220 1088 2249 te
1114 2219 1223 2254 ducat.
1274 2222 1392 2257 Amen.

219 2297 293 2326 Orat
310 2308 365 2327 ms.
385 2300 569 2345 Tegurinum
589 2309 665 2329 saec.
689 2299 733 2329 15.
750 2301 824 2330 Olm.
838 2301 1010 2330 Monacens.
1033 2300 1071 2331 20
1079 2302 1136 2332 005
1157 2304 1208 2333 fol.
1230 2304 1269 2336 46
1285 2316 1304 2336 a
1317 2317 1383 2346 sqq.
1397 2310 1433 2338 A.
1449 2325 1489 2329 -

141 2335 221 2365 Orat.
242 2346 296 2365 ms.
317 2338 500 2374 Tegunnum
521 2347 597 2368 saec.
621 2339 665 2368 15.
688 2339 761 2368 C‘lm.
782 2341 954 2369 Monacens.
976 2339 1081 2370 2001ss
1101 2342 1153 2370 fol.
1176 2341 1232 2373 168
1255 2355 1274 2374 a
1294 2356 1359 2385 sqq.
1380 2349 1415 2377 B.
