1656 2674
178 176 234 209 25.
263 175 323 215 Qui
349 183 398 208 est
421 174 600 208 indicibilis

312 234 371 256 sua
394 224 550 264 bonitate,

267 272 336 312 Qua
359 272 447 313 patri
474 274 523 304 est
546 270 660 304 similis

309 320 344 352 in
374 320 554 359 divinitate,

264 369 289 401 O
314 371 420 400 mater
441 367 599 407 amabiliS,

308 417 408 457 plena
430 417 563 457 pietate,

261 464 385 505 Goapta
408 474 461 496 me
485 463 606 506 regulis

306 513 388 554 legis
415 513 606 554 adaequate.

172 571 229 605 26.
257 570 355 610 Cujus
380 571 561 603 incarnatio

308 619 412 651 sacris
436 619 471 651 in
496 618 667 659 scripturis

256 666 456 710 Designatur
483 668 574 700 vario

303 716 400 749 modo
428 719 461 748 et
484 715 608 758 figuris,

257 767 326 803 (gua
353 768 480 797 constat
504 764 686 805 redemptio

302 813 395 846 nobis
420 814 587 855 perituriS,

254 861 445 894 Sanctorum
472 861 654 903 conjunctio

301 910 429 952 gaudiis
456 910 583 943 futuris,

172 969 229 1002 27.
256 968 316 1009 Qui
343 971 393 1001 est
416 967 487 1009 flos,
511 968 566 1010 qui
590 970 704 1001 Aaron

309 1015 390 1050 flore
417 1017 615 1059 designatur,

259 1065 320 1105 Qui
346 1068 379 1097 et
402 1066 591 1099 homousion

304 1123 382 1147 vere
407 1115 600 1157 nominatur,

256 1162 357 1195 Sacra
382 1172 399 1195 o
425 1163 608 1203 theotocon,

304 1220 323 1243 a
347 1214 381 1243 te
405 1214 579 1252 generatur

254 1259 461 1301 Mysticaque
484 1261 520 1292 in
546 1259 623 1292 Sion

300 1308 422 1349 jugiter
446 1309 607 1343 laudatur.

172 1464 227 1498 31.
256 1462 316 1502 Qui
341 1462 466 1496 fructus
494 1464 698 1498 dulcissimus

305 1514 411 1544 exstat
435 1514 557 1546 ventris
579 1513 638 1553 tui,

254 1560 389 1594 Devotis
416 1561 603 1594 adsistimus

303 1609 455 1642 laudibus
478 1611 545 1651 jam
572 1610 633 1649 cui,

257 1658 312 1691 Ad
338 1667 432 1699 quem
456 1658 522 1691 fide
546 1659 692 1691 venimus

303 1707 455 1748 inquilini
477 1708 538 1748 sui,

257 1756 392 1797 Semper
418 1757 486 1797 ejus
511 1756 655 1789 vultibus

305 1805 471 1846 cupientes
497 1804 571 1838 frui.

172 1865 229 1897 32.
257 1863 317 1903 Qui
339 1863 374 1895 in
394 1863 467 1905 lege
491 1864 595 1896 veteri

302 1921 362 1952 per
386 1913 509 1953 lignum
535 1913 692 1953 signatur,

257 1960 325 2000 Quo
350 1961 439 1994 latex
462 1960 612 2002 pestiferi

305 2012 417 2049 gustus
444 2010 643 2049 dulcoratur,

258 2058 337 2091 Cum
361 2058 395 2090 in
421 2059 469 2090 tui
494 2058 578 2091 uteri

306 2106 390 2139 cella
412 2107 612 2148 incarnatur,

254 2154 403 2187 Hominis
429 2158 507 2188 tunc
531 2155 641 2189 miseri

304 2206 408 2236 status
430 2208 616 2246 reparatur.

172 2263 228 2296 33.
257 2260 355 2302 Cujus
382 2271 456 2295 caro
480 2262 619 2303 mystica

305 2312 355 2342 est
378 2313 470 2343 veste
494 2310 657 2349 redimita,

258 2357 351 2390 Sicut
374 2359 451 2391 olim
477 2359 587 2391 tunica

305 2407 429 2447 Joseph
453 2407 622 2448 polymita,

717 78 979 114 —166—

877 177 933 209 28.
959 174 1020 215 Qui
1044 174 1080 206 in
1103 184 1188 206 urna
1213 183 1313 207 aurea

872 572 929 607 29.

871 970 929 1005 30.

812 1397 869 1432 Π.

872 1672 928 1705 34.

873 2071 929 2105 35.

1008 232 1129 255 manna
1153 222 1358 263 servabatur,

962 271 1001 304 In
1026 273 1060 302 te
1085 269 1179 312 virga
1204 272 1319 305 Jessea

1011 328 1082 351 cum
1107 319 1350 361 incarnabatur,

957 367 1011 400 Ex
1036 366 1162 400 fiscella
1187 369 1317 408 scirpea

1007 418 1086 448 tunc
1112 416 1355 458 extrahebatur,

957 464 989 496 A
1013 469 1119 498 matre
1143 465 1291 507 virginea

1008 522 1079 545 cum
1104 515 1331 555 generabatur.

957 571 1059 611 Quem
1083 572 1199 613 virum,
1226 582 1244 605 ο
1271 571 1404 615 femina,

1006 623 1084 653 tunc
1109 621 1365 662 circumdedisti,

956 668 1043 701 Diva
1066 678 1127 710 per
1151 669 1329 711 spiramina

1007 727 1078 750 cum
1103 718 1190 751 hunc
1216 720 1405 762 concepisti,

958 767 1084 799 Mundo
1108 767 1327 800 consolamina

1003 815 1052 847 ita
1076 815 1231 857 tribuisti,

953 863 1000 896 Et.
1022 863 1130 904 ipsum
1155 864 1198 897 ad
1221 864 1360 897 culmina

1004 912 1087 945 coeli
1113 912 1286 945 deduxisti.

958 969 1020 1009 Qui
1043 968 1102 1002 flos
1130 973 1189 1013 est,
1216 970 1271 1012 qui
1296 971 1399 1004 oritur

1005 1018 1046 1051 de
1070 1019 1184 1051 radice
1208 1019 1311 1059 Jesse,

954 1067 995 1099 In
1019 1068 1179 1108 propheta
1205 1067 1325 1110 legitur

1004 1116 1101 1148 sicuti
1126 1124 1291 1157 expresse,

952 1163 1059 1196 Menti
1084 1174 1145 1206 quo
1172 1165 1373 1198 succurritur

1004 1213 1044 1245 ob
1070 1217 1208 1254 peccata
1232 1213 1349 1254 fessae,

957 1260 1035 1293 Oum
1061 1262 1105 1294 ad
1129 1262 1249 1295 bonum
1275 1262 1405 1295 ducitur

1005 1310 1058 1342 vel
1084 1311 1127 1343 ad
1151 1311 1236 1343 bene
1262 1319 1342 1344 esse.

953 1466 1076 1498 Rabies
1100 1467 1261 1508 paganica

1001 1523 1062 1555 per
1084 1515 1171 1547 hunc
1196 1516 1240 1548 sit
1263 1516 1413 1556 contrita,

953 1562 1023 1603 Qua
1047 1561 1115 1595 fert
1134 1564 1229 1605 plebs
1256 1565 1417 1599 catholica

1002 1612 1089 1644 mala
1113 1612 1270 1646 inaudita.

956 1669 1017 1710 Qui
1040 1670 1075 1702 in
1099 1680 1191 1703 mare
1214 1672 1364 1713 mittitur,

1006 1721 1039 1751 et
1061 1728 1152 1752 mare
1177 1721 1321 1760 sedatur,

954 1767 1002 1801 Ut
1025 1768 1066 1801 de
1091 1768 1176 1801 Jona
1200 1769 1354 1802 scribitur

1004 1825 1064 1858 per
1089 1818 1177 1858 quod
1204 1818 1402 1859 designatur,

959 1865 1038 1898 Cum
1062 1865 1098 1898 in
1124 1869 1158 1898 te
1180 1867 1362 1907 concipitur

1005 1915 1075 1947 sive
1098 1915 1299 1957 incarnatur,

955 1963 1048 2003 Quod
1070 1972 1091 1995 a
1117 1964 1212 2005 culpa
1237 1964 1376 1997 solvitur

1003 2012 1100 2044 homo
1127 2016 1159 2045 et
1183 2014 1338 2046 salvatur.

957 2069 1018 2109 Qui
1043 2069 1132 2103 Deus
1158 2070 1304 2104 rorificat

1005 2119 1110 2152 vellus
1137 2119 1311 2157 Gedeonis,

957 2166 1129 2200 Maxillam
1154 2167 1310 2201 undificat

1006 2223 1066 2255 pro
1092 2216 1148 2247 siti
1173 2215 1349 2255 Samsonis,

958 2262 1006 2294 Te
1030 2263 1095 2295 sibi
1118 2263 1310 2303 sanctificat,

1004 2313 1083 2343 nata
1108 2311 1300 2351 Salomonis,

957 2359 1009 2391 Ac
1035 2359 1164 2393 domum
1185 2359 1339 2394 aedificat.

1006 2408 1227 2445 habitationis,
