1656 2674
686 75 932 111 —4-7—

139 171 172 204 4.
202 169 253 202 Tu
278 170 392 211 regina
419 171 538 204 diceris
564 172 737 214 virginum,

197 218 286 251 Rosa
319 221 463 253 candens
495 223 527 253 et
555 222 666 254 lumen
690 222 786 254 lumi-

549 280 637 312 num,

196 315 290 348 Mitis
316 320 415 359 atque
439 318 589 351 levamen
615 319 781 352 hominum

247 364 432 407 singulare.

197 413 247 446 Tu
265 416 439 456 purgatrix
458 424 492 447 es
509 418 615 449 nostri
630 417 785 452 criminis.

199 462 249 494 Tu
277 463 379 496 divini
408 463 529 497 dilecta
554 465 696 498 numinis

196 510 242 543 Et
269 521 352 553 quae
376 521 542 554 nunquam
568 517 761 555 peccantem

550 562 672 595 desinis

244 608 444 650 Desperare.

164 734 170 739 .
198 705 275 738 Tibi
302 708 382 740 coeli
408 708 556 740 serviunt
581 710 702 742 sidera.

198 754 307 799 Orbis,
345 759 466 797 pontus
508 759 544 789 tu
583 767 679 790 sanas
713 760 784 791 vul-

547 816 638 839 nera.

198 852 249 885 Tu
276 853 432 894 depressa
462 854 520 887 das
546 856 634 888 vitae
651 864 786 888 munera

247 902 423 936 Servitute.

195 949 247 982 Tu
272 951 322 983 sol
339 961 436 984 verus
459 952 607 993 eclypsin
624 953 784 987 nesciens.

197 999 255 1031 Vis
283 1000 422 1040 pudoris
447 1000 497 1032 sic
519 1000 711 1033 indeficiens

195 1048 237 1080 In
258 1051 294 1080 te
317 1047 391 1089 fuit,
420 1049 507 1089 quod
523 1048 631 1082 Deum
652 1050 786 1090 pariens

244 1096 293 1129 Es
320 1097 451 1130 virtute.

163 1222 169 1228 .
197 1193 248 1225 Tu
275 1202 318 1237 es,
347 1203 443 1235 quam
470 1195 573 1227 Isaias
599 1194 758 1235 prodidit.

195 1242 290 1275 Jesse
306 1243 410 1285 virga,
434 1252 517 1283 quae
533 1242 648 1276 florem
667 1243 782 1282 edidit.

195 1290 267 1323 Nec
278 1300 340 1332 per
351 1291 466 1325 florem
479 1292 621 1325 virorem
637 1292 785 1333 perdidit

242 1340 448 1373 Naturale-m.

195 1388 281 1421 Nam
294 1389 372 1422 dum
384 1390 474 1431 paris
486 1390 624 1422 salutem
637 1390 782 1431 gentium

196 1437 271 1470 Non
297 1439 420 1471 amittis
445 1439 582 1478 pudoris
607 1438 722 1478 lilium,

195 1485 283 1527 Ergo
311 1487 409 1528 digne
432 1486 546 1528 virgae
570 1487 763 1529 mysterium

244 1534 350 1568 Decet
373 1537 484 1570 talem.

165 1659 171 1666 .
203 1631 366 1665 Gedeonis
392 1636 427 1665 tu
453 1633 558 1665 vellus
585 1632 750 1666 scriberis.

197 1679 379 1713 Salomonis
394 1685 430 1714 tu
448 1681 594 1723 thronus,
619 1681 759 1715 carceris

195 1729 390 1762 Reseratrix
416 1738 449 1762 es
475 1732 573 1771 atque
597 1730 752 1771 pauperis

246 1777 479 1811 Sustentatrix.

197 1826 247 1858 Tu
273 1835 307 1858 es
333 1827 432 1860 arbor
457 1827 545 1859 vitae
575 1825 758 1868 fructifera,

196 1875 248 1907 Tu
274 1884 307 1908 es
333 1875 414 1908 felix
439 1875 530 1917 virgo
556 1884 732 1918 puerpera.

195 1923 240 1957 Et
267 1925 425 1957 donorum
449 1927 500 1958 tot
527 1929 606 1966 quot
634 1928 708 1958 sunt
737 1925 782 1957 si«-

551 1974 630 2007 dera

245 2020 457 2054 Distillatrix.

872 176 904 208 8.
932 175 1018 208 Nam
1044 186 1077 209 es
1101 176 1185 209 illud
1212 177 1302 210 sidus
1329 177 1490 211 eximium.

935 224 1024 263 Quae
1051 225 1196 258 divinum
1214 226 1334 259 emittis
1352 227 1489 261 radium.

935 272 1033 314 Cujus
1058 276 1163 306 mater
1188 275 1231 307 ad
1256 274 1466 315 participium

979 321 1048 355 Nos
1072 323 1184 355 invita.

931 370 983 402 Tu
1008 380 1043 403 es
1066 371 1165 404 radix
1187 371 1445 415 misericordiae,

932 417 1021 451 Fons
1038 420 1208 452 hortorum
1226 424 1257 452 et
1270 429 1352 454 vena
1367 421 1488 462 veniae,

931 466 999 499 Ros
1027 468 1168 500 dulcoris
1187 472 1284 510 atque
1312 469 1493 502 munditiae

978 516 1171 558 Margarita.

898 639 905 645 .
933 613 984 645 Tu
1009 615 1134 655 quietas
1159 615 1302 654 petentis
1329 614 1479 656 animam,

930 661 1018 694 Rosa
1050 661 1211 706 fragrans,
1244 664 1308 696 mel
1338 664 1490 697 suavissi-

1250 721 1348 751 mum,

928 758 999 791 Nec
1016 759 1200 802 suspendis,
1219 761 1284 792 nisi
1299 760 1490 793 vilissimum

975 808 1175 841 Postuletur.

931 856 982 888 Tu
1009 859 1197 889 cunctorum
1222 857 1310 889 salus
1327 860 1402 897 post
1420 858 1490 890 obi-

1254 908 1331 948 tum,

932 952 1096 985 Fidelium
1124 953 1254 986 ductrix
1280 958 1312 986 et
1339 954 1472 991 exitum,

930 1000 1027 1033 Scala
1053 1001 1144 1044 coeli,
1171 1002 1302 1035 virtutis
1327 1003 1478 1035 meritum

977 1049 1055 1082 Tibi
1082 1049 1188 1084 detur.

895 1172 901 1178 .
929 1146 968 1178 In
977 1149 1020 1186 te,
1034 1150 1149 1188 mater,
1165 1155 1274 1179 omnes
1286 1147 1488 1187 confidimus.

929 1195 994 1227 Per
1007 1197 1041 1226 te
1055 1203 1169 1227 rursus
1182 1195 1304 1227 salvari
1316 1195 1488 1236 credimus,

929 1242 1018 1284 Ergo
1043 1251 1157 1284 preces
1183 1243 1248 1284 has
1282 1252 1361 1284 quas
1383 1245 1489 1284 porri-

1254 1292 1368 1333 gimus,

975 1339 1076 1375 Sume
1100 1340 1166 1380 pia.

925 1388 1063 1430 Ducque
1086 1397 1145 1421 nos
1162 1389 1203 1421 ad
1224 1389 1307 1421 coeli
1321 1389 1490 1429 palatium.

927 1437 965 1470 In
999 1447 1061 1478 quo
1095 1446 1224 1469 moeror
1256 1447 1322 1470 non
1359 1440 1406 1469 est
1431 1447 1491 1470 nec·

1252 1486 1386 1526 serium,

929 1535 1032 1567 Immo
1059 1534 1150 1576 quies
1176 1537 1208 1566 et
1231 1535 1308 1576 juge
1325 1535 1488 1576 gaudium,

977 1583 1079 1617 Brevi
1101 1583 1165 1617 via.

895 1709 902 1715 .
930 1680 1017 1721 Jesu‚
1045 1681 1156 1723 proles
1180 1681 1325 1713 intactae
1341 1681 1487 1722 virginis.

929 1730 1001 1763 Rex
1007 1733 1149 1770 aeterne,
1160 1729 1335 1771 rexmagni
1340 1730 1489 1764 nominis.

929 1778 1027 1811 Solve
1051 1787 1163 1811 servos
1189 1787 1209 1809 a
1234 1787 1320 1810 nexu
1346 1778 1490 1811 criminis

977 1827 1024 1860 Et
1046 1828 1169 1860 solutos

927 1876 959 1908 A
971 1877 1117 1908 vorantis
1130 1875 1307 1916 praedonis
1316 1875 1487 1917 morsibus,

929 1924 991 1964 Qui
1017 1924 1155 1957 diversis
1182 1933 1236 1957 eos
1260 1923 1436 1957 insultibus

928 1973 1105 2015 Fatigavit,
1131 1976 1167 2005 ut
1194 1976 1314 2006 cremet
1338 1972 1479 2014 ignibus,

977 2023 1094 2055 Redde
1119 2025 1216 2055 tutos.

215 2117 297 2146 Orat.
318 2127 373 2146 ms.
395 2119 596 2154 Tegrinsense
625 2125 702 2146 saec.
726 2116 772 2146 15.
799 2118 872 2147 Clm.
893 2119 1066 2147 Monacens.
1087 2116 1125 2147 20
1134 2117 1189 2147 001
1214 2119 1265 2147 fol.
1287 2118 1325 2149 63
1348 2119 1374 2147 b.
1394 2119 1430 2147 A.
1448 2134 1489 2139 —

135 2157 218 2186 Orat.
240 2166 294 2185 ms.
315 2157 517 2195 Tegrinsense
538 2166 617 2186 saec.
640 2155 686 2186 15.
709 2157 782 2185 Clm.
799 2158 973 2186 Monacens.
997 2157 1031 2186 19
1039 2156 1099 2187 824
1117 2158 1169 2186 fol.
1189 2156 1244 2187 162
1257 2159 1286 2188 b.
1301 2159 1335 2187 B.
1352 2174 1391 2179 —
1405 2158 1487 2187 Orat.

136 2207 190 2227 ms.
211 2197 413 2233 Tegrinsense
434 2205 512 2225 saec.
529 2195 575 2225 15.
598 2197 672 2225 Clm.
689 2197 809 2225 Monac.
830 2195 934 2225 20123
953 2197 1006 2225 fol.
1027 2196 1084 2227 230
1105 2198 1134 2225 b.
1151 2197 1180 2226 C.
1202 2213 1241 2217 —
1261 2198 1342 2227 Orat.
1363 2207 1418 2227 ms.
1431 2199 1488 2226 Τυ-

133 2238 293 2274 giinsense
312 2245 390 2266 saec.
408 2236 453 2265 1-5.
476 2236 551 2265 Olm.
571 2236 746 2265 Monacens.
767 2234 869 2265 29636
888 2236 927 2264 D.
948 2252 988 2256 —
1007 2236 1033 2270 5,
1054 2236 1069 2265 1
1092 2239 1265 2266 sternuntur
1280 2238 1381 2266 sidera
1392 2239 1432 2267 D.
1448 2255 1488 2259 —

135 2276 161 2309 7,
185 2275 203 2304 5
224 2285 253 2305 u..
275 2273 293 2304 6
313 2276 453 2306 verstellt
470 2277 509 2305 D.
531 2290 571 2295 -—
591 2274 617 2311 9,
640 2274 658 2305 6
686 2275 837 2304 Fidelium
862 2275 980 2304 ductrix
1000 2278 1105 2306 mortis
1128 2277 1253 2305 exitium
1273 2277 1371 2309 ABD:
1395 2280 1489 2307 tutrix

134 2316 172 2344 D.
197 2331 237 2337 ——
265 2313 311 2352 11,
332 2316 350 2346 5
374 2317 400 2345 A
427 2317 547 2344 voracis
569 2316 608 2344 D.
637 2329 675 2335 --
706 2315 795 2352 „Alia
822 2316 919 2344 oratio
947 2313 984 2344 de
1005 2317 1067 2345 BV.
1089 2316 1189 2345 Maria
1210 2319 1240 2345 et
1253 2319 1373 2346 constat
1391 2320 1486 2347 metro

134 2355 295 2384 Pindarico
316 2357 349 2385 in
369 2356 476 2394 primis
496 2356 594 2384 tribus
612 2355 759 2385 versibus.
783 2358 921 2392 quai-‘nun
944 2359 989 2384 est
1008 2354 1233 2385 Trochaicum.“
1255 2357 1289 2385 B.
