1656 2674
104 152 160 186 18.
188 149 306 187 Sumus
332 161 406 185 nam
433 150 557 184 debiles

238 201 272 232 in
298 199 495 239 resistentia,

190 249 238 282 Ob
266 249 377 289 culpas
402 246 518 279 merito

239 295 361 337 privati
384 295 500 336 gratia,

193 344 258 377 Sed
283 347 339 376 tua
363 344 499 375 miseros

237 393 330 432 ,iuvet
356 391 537 430 clementia,

190 441 316 473 Horum
341 448 382 472 ne
408 444 541 480 superet

241 497 298 521 nos
321 487 512 529 pertinacia.

107 546 163 580 19,
192 546 319 578 Taedet
342 549 515 587 praeterea

241 603 298 627 nos
325 595 412 627 vitae
435 594 584 634 miserae,

191 644 230 676 In
254 651 317 683 qua
343 642 498 675 citissime

243 690 413 724 foedamur
438 691 572 729 scelere,

643 52 908 88 —130—

889 149 962 181 Non
989 151 1098 180 tamen
1124 145 1222 179 facile

941 196 1067 237 quimus
1093 203 1274 237 resurgere,

890 245 934 277 Ni
959 247 1005 285 tu,
1033 243 1250 285 sanctissima,

942 293 1024 325 velis
1051 301 1251 325 succurrere.

806 352 863 385 20.
887 347 993 383 Vafer
1017 359 1076 383 nos
1102 350 1246 391 undique

940 398 1043 432 hostis
1068 399 1284 442 persequitur,

893 447 1173 488 Concupiscentiis

942 504 1017 528 caro
1045 496 1188 538 illicitur,

891 544 937 577 Et
961 544 996 576 in
1019 544 1207 585 superbiam

941 601 1032 626 mens
1058 602 1141 625 vane
1166 593 1303 634 tollitur,

894 643 947 675 Ita
970 641 1086 684 religio

944 691 1047 723 omnis
1073 688 1293 723 confunditur.

186 767 268 795 Orat.
289 776 344 795 ms.
360 767 561 803 Tegrinsense
581 775 642 795 sae(
680 764 726 794 15.
745 764 821 794 Cim.
837 766 956 794 Monac.
979 763 1078 795 19824
1097 767 1150 795 fol.
1164 764 1201 794 53
1216 767 1246 795 b.
1260 766 1296 794 A.
1310 780 1347 786 -ν
1370 765 1454 794 Orat.

108 815 150 834 mr
176 806 393 842 Tegerinsense
409 813 485 834 saec.
502 803 547 834 15.
559 804 632 833 Clm.
643 805 816 833 Monacens.
832 802 930 834 20001
946 805 997 834 fol.
1010 802 1066 833 123
1078 806 1140 833 aB.
1155 820 1189 824 —
1203 804 1248 841 10,
1263 804 1276 833 1
1292 817 1332 827 =
1346 807 1378 832 K
1379 806 1453 839 αλιῦ,

109 845 219 873 καλέω.

581 936 629 970 37.
670 936 887 969 Abecedarius
908 936 977 969 XII.

113 1031 142 1063 1.
170 1027 262 1063 Arca
286 1032 322 1061 tu
345 1029 485 1069 mystica

222 1078 294 1111 Noe
322 1077 527 1119 describeris,

173 1126 259 1158 Nam
281 1135 300 1158 a
325 1124 495 1167 naufragio

224 1175 379 1207 mundum
404 1174 490 1206 hunc
516 1173 626 1215 eripis,

173 1222 254 1256 Cum
279 1231 372 1255 sacro
397 1225 571 1262 pneumate

224 1270 370 1311 spirante
397 1270 539 1310 concipis

178 1319 340 1352 Christum
367 1324 399 1350 et
425 1326 617 1359 permanens

226 1369 317 1408 xirgo
343 1368 431 1400 hunc
454 1366 609 1408 parturis,

118 1427 150 1458 2.
179 1422 294 1467 Beata,
319 1424 439 1458 nobilis

228 1478 261 1506 et
285 1474 423 1514 pulchra
447 1473 587 1515 domina,

174 1522 278 1555 Donis
303 1522 450 1563 angelica

228 1571 429 1611 praecellens
456 1570 594 1611 agmina,

176 1619 331 1660 Depellas
357 1619 496 1651 hostium

227 1675 324 1700 saeva
349 1667 525 1707 molimina,

178 1716 251 1748 Duc
274 1725 333 1748 nos
359 1719 434 1757 post
460 1715 583 1749 obitum

226 1765 269 1797 ad
296 1766 378 1797 coeli
404 1764 553 1798 culmina.

117 1825 152 1857 3.
181 1820 270 1857 Coeli
294 1821 466 1855 mirificum

229 1880 262 1903 es
288 1871 505 1911 luminarium,

177 1919 314 1952 Dulcem
337 1920 556 1952 moerentibus

229 1969 407 2001 immittens
433 1969 571 2012 radium,

181 2017 233 2050 Ab
260 2017 310 2049 his
336 2017 390 2058 qui
417 2017 527 2057 abigat

229 2074 322 2098 omne
349 2065 547 2099 contrarium

179 2112 226 2146 Et
250 2114 332 2154 ipsis
357 2115 490 2155 insuper

229 2165 375 2203 praestet
400 2163 560 2195 solatium.

118 2221 154 2253 4.
183 2216 346 2253 Dilectum
372 2219 473 2253 filium

229 2268 322 2300 nobis
348 2269 503 2309 propitia,

178 2315 343 2349 Offensum
368 2318 508 2350 maxime

232 2374 293 2405 per
318 2368 430 2398 nostra
456 2366 547 2408 vitia,

875 1027 921 1060 Et
946 1028 994 1060 sic
1018 1037 1077 1061 nos
1102 1028 1232 1069 penitus

923 1077 1094 1109 mundatos
1120 1078 1227 1118 gratia

875 1124 964 1157 Coeli
991 1125 1164 1158 conventui

923 1176 999 1214 post
1022 1176 1160 1206 mortem
1185 1174 1283 1207 socia.

839 1257 846 1264 .
875 1226 921 1264 Es
946 1231 1044 1263 stella
1068 1231 1229 1271 siquidem

925 1279 1007 1312 lucis
1033 1278 1250 1321 praefulgida,

877 1327 978 1367 Quam
1005 1328 1106 1360 corda
1133 1328 1271 1370 diligunt

924 1385 1034 1409 amore
1057 1375 1196 1418 fervida,

876 1424 999 1457 Nostra
1025 1424 1212 1458 criminibus

926 1472 1039 1506 effecta
1064 1474 1173 1514 gelida

878 1521 1059 1562 Splendore
1086 1522 1191 1564 gratia

926 1569 981 1603 fao
1005 1579 1076 1603 esse
1102 1571 1219 1604 calida.

843 1655 850 1662 .
877 1625 966 1662 Fons
993 1637 1013 1660 a
1034 1628 1186 1662 fidelibus

926 1676 1171 1710 misericordiae

879 1725 1015 1759 Vocaris
1041 1727 1158 1759 merito

930 1778 964 1807 et
988 1783 1072 1808 vena
1095 1775 1220 1816 veniae,

880 1822 945 1855 Per
968 1825 1002 1855 te
1028 1824 1254 1865 consequimur

928 1881 1003 1904 nam
1028 1872 1253 1914 indulgentiae

879 1920 1000 1953 Munus
1028 1925 1061 1953 et
1084 1922 1288 1962 praeminum

930 1969 964 2002 in
987 1978 1088 2012 regno
1114 1970 1248 2012 gloriae.

846 2054 853 2061 .
883 2024 1073 2062 Gaudenter
1096 2030 1196 2071 igitur

929 2077 1026 2110 modo
1054 2078 1251 2111 concinimus

882 2124 954 2158 Tua
978 2127 1155 2166 praeconia

931 2174 982 2207 his
1008 2175 1042 2207 in
1070 2175 1279 2218 carminibus,

880 2220 1013 2263 Nosque
1037 2223 1205 2255 humiliter

931 2271 993 2303 tibi
1017 2272 1267 2314 prosternimus,

883 2319 1060 2352 Precantes
1086 2319 1215 2360 perfrui

932 2367 995 2400 tuis
1020 2369 1219 2402 muneribus
