1656 2674
509 544 533 575 l.
554 542 694 583 Hymnus
718 543 894 577 amatorius
917 545 955 578 de
976 554 1001 577 S.
1023 545 1193 579 Trinitate.

176 625 211 658 1.
243 620 355 666 Saday
382 633 400 656 o
426 624 575 666 Domine,

289 672 464 706 Institutor
487 681 606 714 rerum,

238 720 270 753 A
299 721 431 754 coelesti
457 722 585 762 agmine

286 770 334 803 Et
356 778 417 810 per
442 772 547 802 totum
573 770 696 803 clerum

241 817 404 851 Colendus
428 819 616 851 laudamine

286 867 352 900 Per
378 868 500 900 cultum
527 867 699 912 sincerum,

238 915 339 956 Fave,
364 918 398 947 te
421 919 460 948 ut
485 916 629 949 carmine

288 963 435 997 Laudem
460 963 566 996 Deum
592 973 715 997 verum.

174 1034 211 1066 2.
242 1028 396 1072 Adonay,
423 1031 571 1075 Domine,

288 1079 478 1113 Creatorum
503 1080 645 1122 praesul,

235 1127 342 1160 Fonte
367 1128 547 1168 sapientiae

284 1176 474 1209 Electorum
501 1176 622 1216 consul,

234 1224 380 1257 Hostiles
405 1224 570 1257 versutiae

286 1273 351 1306 Per
374 1275 410 1305 te
433 1272 516 1305 fiant
536 1272 663 1314 procul,

234 1321 286 1354 Ne
310 1322 344 1354 in
371 1321 490 1362 hymno
517 1321 641 1363 gloriae

282 1370 499 1402 Perturbetur
524 1370 626 1403 exsul.

168 1440 203 1473 3.
235 1435 329 1473 Nulli
354 1437 554 1471 accessibilis

282 1487 394 1519 Virtus
420 1486 588 1526 trinitatis,

231 1535 347 1577 Neque
374 1535 579 1576 explicabilis

280 1584 367 1618 Ullis
392 1584 604 1625 praedicatis,

230 1632 368 1666 Praesta
391 1633 455 1665 tibi
480 1632 622 1666 credulis

278 1682 414 1715 Manum
437 1681 581 1726 pietatis,

230 1729 416 1763 Absolvens
442 1741 462 1765 a
486 1730 624 1763 vinculis

278 1778 352 1812 Suis
379 1781 413 1811 et
435 1780 592 1820 peccatis,

163 1849 199 1882 4.
229 1843 332 1881 Causa
357 1847 409 1880 vel
434 1846 563 1880 initium

275 1896 467 1930 Creatarum
491 1905 611 1940 rerum,

228 1944 428 1978 Naturarum
455 1946 596 1979 omnium

277 1993 348 2026 Nec
372 2003 438 2027 non
463 1995 656 2036 specierum,

228 2043 351 2076 Fateor
376 2045 410 2075 te
434 2043 609 2076 Dominum

274 2092 385 2133 Atque
408 2091 514 2125 Deum
541 2102 651 2126 verum

224 2140 324 2174 Unde
348 2149 456 2183 pango
480 2142 626 2175 munium

274 2189 351 2224 Tibi
375 2190 437 2223 hoc
462 2190 634 2224 sincerum.

160 2261 196 2294 5.
224 2256 382 2300 Trinitas,
408 2258 586 2292 laudabilis

275 2307 419 2342 Cunctae
445 2310 625 2351 creaturae,

223 2356 291 2391 Sed
317 2357 567 2399 superamabilis

276 2406 371 2441 Omni
396 2407 498 2441 menti
523 2416 636 2449 purae,

655 2119 662 2137 ²

945 626 1043 662 Solve
1068 637 1121 661 me
1145 638 1165 661 a
1190 629 1327 662 vinculis

994 676 1104 710 Omnis
1127 677 1336 719 imposturae,

943 723 1049 766 Junge
1074 726 1205 758 tandem
1230 725 1346 758 incolis

989 773 1140 807 Coelicae
1163 776 1357 807 structurae.

907 866 914 874 .
942 837 1051 874 Unum
1076 850 1094 873 0
1119 839 1301 883 mirificum,

990 888 1116 922 Uniens
1140 890 1295 932 rixantes,

942 937 1104 978 Impetum
1129 947 1190 978 per
1213 937 1366 971 bellicum

990 985 1033 1018 Se
1058 985 1327 1022 scandalizantes,

943 1033 1081 1067 Carmen
1107 1034 1170 1067 hoc
1195 1034 1378 1067 versificum

989 1082 1064 1114 Tibi
1089 1083 1293 1115 modulantes

939 1128 1013 1162 Duc
1036 1131 1071 1162 in
1097 1139 1231 1171 regnum
1258 1131 1415 1164 coelicum

988 1179 1019 1210 A
1046 1188 1143 1211 carne
1168 1178 1354 1220 migrantes.

904 1271 912 1280 .
940 1243 1147 1287 Sempiterna
1171 1246 1312 1289 trinitas,

989 1294 1091 1334 Quam
1118 1295 1216 1327 corde
1241 1295 1369 1327 sincero

938 1343 1003 1377 Per
1027 1343 1211 1383 scripturae
1234 1343 1378 1376 latebras

987 1391 1172 1434 Diligenter
1197 1400 1326 1432 quaero²

936 1441 1042 1481 Agam
1070 1440 1289 1473 caeremonias

986 1488 1062 1521 Tibi
1087 1488 1158 1521 Deo
1184 1497 1274 1529 vero,

937 1537 1073 1570 Interim
1100 1538 1187 1578 quod
1213 1537 1345 1570 semitas

984 1585 1092 1627 Hujus
1118 1586 1205 1619 vitae
1230 1588 1311 1619 tero.

902 1682 908 1689 ,
936 1652 1037 1695 Deus,
1065 1657 1099 1687 te
1125 1655 1351 1695 quaerentium

983 1703 1185 1744 Praepotens
1210 1703 1352 1745 adjutor,

933 1751 999 1785 Sed
1021 1751 1257 1785 invenientium

981 1800 1059 1834 Pius
1085 1801 1275 1843 retributor,

933 1850 987 1883 En
1011 1849 1073 1882 tibi
1100 1850 1302 1883 credentium

984 1897 1108 1932 Saevus
1132 1902 1325 1940 persecutor

932 1947 1001 1981 Nos
1025 1948 1178 1981 molestat
1201 1948 1389 1990 plurimum,

980 1996 1102 2030 Noster
1128 2000 1197 2031 esto
1222 1999 1321 2031 tutor.

898 2091 905 2100 .
932 2061 1003 2099 Ens
1029 2064 1319 2109 mirabilissimum‚

978 2113 1048 2146 Ens
1071 2114 1186 2147 summi
1214 2114 1354 2158 decoris⁷

933 2163 984 2196 Tu
1014 2162 1284 2197 amabilissimum

981 2212 1119 2245 Vinculo
1146 2212 1265 2246 amoris

932 2260 1073 2302 Suscipe
1097 2270 1158 2302 per
1183 2262 1328 2294 crucium

981 2310 1095 2344 Nostri
1121 2311 1350 2352 redemptoris,

930 2359 1098 2401 Hymnum
1125 2360 1318 2393 amatorium

979 2408 1044 2443 Tui
1067 2409 1260 2444 laudatoris.

1295 2465 1339 2495 2*
