1656 2674
222 162 245 196 1.
267 163 286 193 8
300 165 425 197 Pultrix,
442 166 495 194 daz
512 166 599 192 Vi'nrt
611 166 652 192 ist
664 163 755 193 Mene
772 163 966 200 aufgefallen:
989 172 1020 191 es
1036 165 1077 191 ist
1091 165 1158 191 eine
1171 172 1229 190 von
1245 162 1302 191 den
1314 163 1483 201 Bildungen

141 204 191 233 des
208 205 342 239 Quisutis
362 205 424 232 und
443 205 559 232 kommt
578 204 627 232 bei
647 203 709 232 ihm
730 203 782 231 des
803 203 898 231 fiftern
921 211 985 230 vor.
1006 218 1045 222 —
1065 201 1091 233 5.
1114 200 1132 231 3
1144 201 1212 229 lilia
1227 201 1309 229 B.—
1330 202 1356 230 7.
1378 200 1397 231 3
1411 203 1484 231 felix

140 244 216 272 fehlt
235 243 270 271 A.
293 260 330 263 —
350 241 396 277 16,
417 241 436 270 2
458 243 534 271 Jura
553 243 588 271 A.
609 259 649 263 —
670 239 718 276 20,
740 239 759 270 8
778 242 845 270 Deo
867 250 971 270 servm·
991 242 1025 270 Β.
1041 257 1077 261 —
1100 241 1123 270 C
1142 240 1196 268 hat
1217 241 1482 278 Iii‘terpolationen.

142 283 189 311 die
211 282 275 310 sich
296 282 340 310 als
360 282 460 310 solehe
483 282 635 310 erkennen
653 282 763 313 nissen,
784 282 874 309 meist
894 289 948 308 aus
969 281 1100 309 anderen
1121 279 1253 309 Liedern
1275 279 1326 309 des
1348 280 1484 315 Quisutis

141 321 219 349 nach
239 318 297 350 Str.
324 320 355 351 7.
384 320 433 352 15,
463 319 498 349 19
525 330 554 349 u.
581 319 631 355 20;
658 330 684 348 z.
710 320 744 348 B.
771 328 810 347 an
836 322 963 348 ersterer
981 319 1074 348 Stelle
1099 329 1128 348 11.
1155 327 1181 346 a.
1208 319 1257 348 die
1284 320 1356 347 zwei
1385 323 1484 348 ersten

142 360 292 396 Strophen
314 368 368 387 aus
389 360 445 388 No.
469 359 513 388 16.

600 454 650 484 22.
692 452 736 484 De
756 451 883 494 gaudiis
904 452 1018 485 Bam:

167 552 174 559 .
203 524 316 567 Stella,
336 525 437 565 stirpe
457 534 553 565 quani
571 534 610 557 ex
627 522 782 557 hebraica

202 573 367 606 Orituram
393 574 558 613 praedixit
584 573 729 608 Balaam,

201 623 344 656 Mentem
371 622 493 654 servuli
518 620 697 656 serenifiea.

202 669 247 702 Ut
275 670 414 703 dicenda
441 671 556 703 devote
581 669 758 711 proferam.

169 762 175 768 .
205 736 319 770 Gaude
344 738 446 779 virgo,
475 739 565 778 cujus
592 737 760 778 conceptio

203 785 418 819 Praeservata
444 789 548 819 exstat
577 787 741 819 divinitus.

201 834 231 867 A
257 835 403 874 parentis
429 835 526 875 primi
554 834 711 876 contagio.

202 882 350 915 Basileae
375 886 409 915 ut
439 884 531 915 docet
560 884 715 924 synodus

168 976 174 982 .
204 949 318 982 Gaude
345 951 445 991 virgo,
473 951 563 991 eujus
589 950 743 983 nativitas

200 997 365 1031 Desolatis
392 999 531 1039 praebet
555 1000 717 1035 solatium,

200 1046 280 1079 Tua.
306 1055 434 1087 precor.
462 1046 542 1079 felix
566 1047 757 1080 maternitas

199 1094 294 1127 Vitae
319 1104 410 1127 meae
436 1096 607 1137 prolonget
626 1095 778 1137 spatium.

167 1189 173 1195 .
202 1161 339 1195 Gaude.
379 1171 460 1202 quae
500 1171 535 1195 es
569 1163 680 1195 oblata
711 1162 778 1194 Do-

547 1211 633 1243 mino

200 1257 300 1291 Juxta
325 1259 424 1290 ritum
448 1259 528 1299 legis
552 1259 729 1292 Mosaicae.

201 1306 315 1342 Meae.
351 1315 488 1347 quaeso,
523 1307 609 1339 vitae
644 1308 677 1339 in
712 1310 777 1338 ter-

545 1356 632 1388 mino

200 1403 383 1436 Potestates
410 1404 563 1436 adversas
589 1404 705 1445 abjice.

166 1497 172 1504 .
202 1469 326 1507 Gaude,
354 1473 459 1503 mater
484 1474 518 1503 et
540 1472 631 1513 virgo
649 1470 778 1511 nobilis,

202 1517 365 1552 Gabrielis
394 1520 530 1552 credens
556 1521 697 1555 oraculo.

201 1566 311 1599 Virtus
336 1567 441 1607 patris
467 1577 541 1600 nam
566 1569 600 1600 in
630 1567 767 1601 effabilis

199 1614 330 1647 Ventris
357 1616 405 1648 tui
430 1625 464 1648 se
492 1617 548 1649 dat
569 1617 705 1650 alveolo.

165 1709 172 1716 .
201 1681 326 1723 Gaude,
354 1692 449 1724 quam
478 1684 576 1716 beata
599 1683 771 1717 Elisabeth

199 1731 376 1764 Benedixit
404 1735 557 1774 tuumque
583 1732 685 1765 filium

201 1778 412 1813 Consolamen
438 1790 489 1813 me
512 1784 602 1814 tuum
626 1780 747 1819 visitet,

202 1828 281 1862 Cum
323 1829 507 1870 relinquam
543 1831 657 1862 mundi
696 1829 780 1861 exsi-

546 1880 637 1912 lium.

866 524 898 558 9.

840 727 898 760 10.

841 931 896 964 11.

839 1132 895 1166 12.

840 1336 895 1370 13.

841 1539 896 1572 14.

842 1839 897 1872 15.

927 523 1051 560 Gaude.
1073 531 1156 565 quae
1173 522 1291 555 subisti
1304 524 1483 556 remedium

924 572 1105 613 Inquinatis
1132 574 1288 605 statutum
1310 572 1481 613 matribus,

924 619 1146 654 Praesentasti
1171 629 1243 652 cum
1266 623 1356 652 tuum
1379 620 1482 654 filium

924 670 1054 710 Templi
1080 678 1151 702 eum
1172 669 1290 701 sistens
1309 670 1479 703 altaribus.

928 726 1052 767 Gaude,
1072 737 1144 760 eum
1161 736 1181 759 a
1197 735 1297 768 regno
1317 728 1481 768 Canopico

923 775 970 807 Es
990 785 1060 808 cum
1078 779 1155 808 nato
1170 775 1267 808 ducta
1280 776 1313 808 in
1328 777 1479 817 patriam,

923 824 980 856 Me
1011 824 1051 856 ab
1087 825 1181 857 hoste
1210 833 1306 857 serva
1331 824 1481 858 tristifico

924 871 1174 913 Relinquentem
1186 876 1295 904 terrae
1305 873 1482 907 miseriam.

926 930 1050 970 Gaude,
1067 940 1141 963 nam
1155 930 1190 962 in
1198 930 1481 965 doctorumniedio

924 978 1090 1020 Reperisti
1115 978 1267 1012 amissum
1293 977 1395 1011 filium

923 1027 1143 1060 Laborantem
1168 1036 1221 1059 me
1246 1028 1354 1060 cordis
1371 1028 1482 1061 taedio

925 1076 1101 1109 Consolare
1114 1075 1276 1117 praebens
1288 1076 1479 1109 subsidium.

923 1132 1048 1173 Gaude,
1077 1134 1166 1173 eujus
1191 1136 1272 1164 nutu
1297 1142 1357 1174 per
1377 1133 1480 1166 filium

922 1180 1046 1221 Liquor
1060 1189 1163 1222 aquae
1171 1181 1206 1213 in
1216 1181 1480 1223 vinumvertitur.

924 1228 1024 1261 Servo
1050 1232 1106 1262 tuo
1131 1233 1265 1270 praesta
1290 1231 1457 1274 auxilium,

924 1277 985 1316 Qui
1010 1278 1148 1310 diversis
1173 1278 1268 1309 malis
1287 1280 1480 1312 concutitur.

925 1335 1050 1378 Gaude,
1069 1335 1171 1376 virgo,
1190 1344 1306 1376 magno
1324 1337 1482 1378 tripudio,

922 1383 1114 1416 Resurrexit
1141 1392 1216 1416 nam
1242 1387 1316 1416 tuus
1342 1384 1440 1426 filius„

926 1432 1116 1465 Obvallatos
1141 1433 1260 1464 mentis
1286 1431 1421 1466 fastidio

925 1479 1082 1513 Liberare
1110 1481 1253 1521 digneris
1281 1482 1382 1515 ocius.

926 1538 1040 1571 Gaude
1069 1540 1160 1579 eujus
1174 1539 1284 1579 proles
1299 1548 1372 1572 cum
1378 1540 1485 1581 gloria

926 1586 981 1619 Ad
1006 1590 1178 1627 paternam
1196 1588 1384 1621 conscendit
1404 1589 1482 1621 dex-

1248 1639 1365 1672 teram,

927 1683 978 1716 Sis
1004 1684 1149 1717 solamen
1174 1684 1209 1716 in
1234 1684 1296 1717 hae
1320 1685 1453 1718 miseria

926 1731 1029 1765 Nobis
1068 1733 1194 1773 pellens
1232 1731 1397 1767 fortunam
1433 1744 1483 1768 as-

1249 1791 1373 1822 peram.

927 1838 1052 1882 Gaude,
1080 1841 1156 1881 quia
1182 1840 1296 1872 vidisti
1322 1840 1474 1881 spiritum

925 1887 1188 1921 Descendentem
1225 1889 1259 1920 in
1290 1889 1410 1930 linguis
1435 1890 1485 1931 ig-

163 1960 170 1968 .
199 1933 313 1967 Gaude
339 1935 441 1976 virgo,
471 1936 560 1976 cujus
585 1935 762 1970 foetificum
1250 1937 1332 1970 neis.

198 1982 339 2023 Tempus
367 1993 438 2016 eum
457 1985 608 2024 venisset,
629 1986 662 2018 in
680 1985 779 2017 Beth·
926 1986 1042 2019 Carnis
1056 1995 1158 2018 meae.
1178 1995 1307 2026 quaeso,
1321 1989 1395 2027 post
1414 1987 1483 2019 obi-

546 2034 652 2066 lehem
1250 2037 1317 2068 tum

199 2079 362 2120 Peperisti
386 2079 527 2113 fructum
552 2082 744 2124 salvificum,

202 2128 262 2167 Qui
288 2130 415 2162 sanavit
438 2131 534 2163 Adae
559 2131 781 2174 propaginem.

166 2213 173 2220 .
203 2186 327 2227 Gaude,
356 2189 446 2228 eujus
463 2192 575 2222 natum
594 2188 782 2222 muneribus

200 2235 411 2269 Honorarunt
437 2239 505 2270 tres
531 2240 617 2281 magi
627 2237 774 2279 mystice,

202 2283 270 2317 Nos
313 2294 332 2317 a
373 2289 506 2319 nostrae
550 2288 667 2320 mentis
711 2287 780 2318 vul-

550 2337 682 2369 neribus

199 2381 334 2414 Vitiosis
360 2385 484 2418 munda
510 2388 540 2417 et
566 2384 711 2418 lubricis.

843 2141 899 2174 16.

926 2082 1068 2115 Mentem
1082 2083 1189 2116 choris
1200 2084 1298 2124 junge
1309 2083 1483 2119 aethereis.

929 2140 1060 2184 Gaude²
1107 2149 1188 2182 quae
1229 2141 1263 2172 in
1308 2150 1405 2173 earne
1453 2144 1485 2174 et

1252 2190 1360 2221 anima

929 2237 1116 2271 Glorianter
1141 2246 1257 2279 regnas
1281 2238 1314 2270 in
1332 2239 1472 2280 superis

927 2287 983 2319 Me
1009 2287 1154 2329 dignare.
1182 2296 1200 2320 ο
1227 2286 1427 2331 beatissima,

928 2335 972 2369 Ut
1022 2339 1055 2368 te
1100 2337 1195 2378 digne
1236 2335 1367 2368 laudem
1413 2346 1485 2369 eum

1250 2385 1379 2418 ceteris.
