<?xml version="1.0" encoding="UTF-8"?>
<!DOCTYPE html PUBLIC "-//W3C//DTD XHTML 1.0 Transitional//EN"
    "http://www.w3.org/TR/xhtml1/DTD/xhtml1-transitional.dtd">
<html xmlns="http://www.w3.org/1999/xhtml" xml:lang="en" lang="en">
 <head>
  <title>
</title>
<meta http-equiv="Content-Type" content="text/html;charset=utf-8" />
  <meta name='ocr-system' content='tesseract 3.04.00' />
  <meta name='ocr-capabilities' content='ocr_page ocr_carea ocr_par ocr_line ocrx_word'/>
</head>
<body>
  <div class='ocr_page' id='page_1' title='image "./analectahymnica06drevuoft_00024.png"; bbox 0 0 1656 2674; ppageno 0'>
   <div class='ocr_carea' id='block_1_1' title="bbox 188 189 716 568">
    <p class='ocr_par' dir='ltr' id='par_1_1' title="bbox 188 189 653 236">
     <span class='ocr_line' id='line_1_1' title="bbox 188 189 653 236; baseline 0.002 -10"><span class='ocrx_word' id='word_1_1' title='bbox 188 192 247 227; x_wconf 86' lang='lat'>21.</span> <span class='ocrx_word' id='word_1_2' title='bbox 274 189 363 234; x_wconf 85' lang='lat' dir='ltr'>Rex,</span> <span class='ocrx_word' id='word_1_3' title='bbox 390 194 653 236; x_wconf 79' lang='lat' dir='ltr'>inexpugnabilis</span> 
     </span>
    </p>

    <p class='ocr_par' dir='ltr' id='par_1_2' title="bbox 325 240 622 283">
     <span class='ocr_line' id='line_1_2' title="bbox 325 240 622 283; baseline 0 -7"><span class='ocrx_word' id='word_1_4' title='bbox 325 242 425 283; x_wconf 77' lang='lat' dir='ltr'>Cujus</span> <span class='ocrx_word' id='word_1_5' title='bbox 450 240 622 283; x_wconf 83' lang='lat' dir='ltr'>fortitudo,</span> 
     </span>
    </p>

    <p class='ocr_par' dir='ltr' id='par_1_3' title="bbox 278 290 667 381">
     <span class='ocr_line' id='line_1_3' title="bbox 278 290 650 333; baseline 0.003 -10"><span class='ocrx_word' id='word_1_6' title='bbox 278 290 378 333; x_wconf 78' lang='lat' dir='ltr'>GuJ&#39;us</span> <span class='ocrx_word' id='word_1_7' title='bbox 403 300 465 324; x_wconf 88' lang='lat' dir='ltr'>nec</span> <span class='ocrx_word' id='word_1_8' title='bbox 491 291 650 333; x_wconf 90' lang='lat' dir='ltr'>capabilis</span> 
     </span>
     <span class='ocr_line' id='line_1_4' title="bbox 325 339 667 381; baseline 0.006 -9"><span class='ocrx_word' id='word_1_9' title='bbox 325 339 445 373; x_wconf 77' lang='lat' dir='ltr'><strong>Exstat</strong></span> <span class='ocrx_word' id='word_1_10' title='bbox 468 340 667 381; x_wconf 79' lang='lat' dir='ltr'>magnitudo,</span> 
     </span>
    </p>

    <p class='ocr_par' dir='ltr' id='par_1_4' title="bbox 277 388 679 479">
     <span class='ocr_line' id='line_1_5' title="bbox 277 388 679 430; baseline 0.005 -10"><span class='ocrx_word' id='word_1_11' title='bbox 277 388 444 430; x_wconf 83' lang='lat' dir='ltr'>Opprimit</span> <span class='ocrx_word' id='word_1_12' title='bbox 469 397 507 420; x_wconf 92' lang='lat' dir='ltr'>en</span> <span class='ocrx_word' id='word_1_13' title='bbox 536 388 679 422; x_wconf 81' lang='lat' dir='ltr'>criminis</span> 
     </span>
     <span class='ocr_line' id='line_1_6' title="bbox 325 436 615 479; baseline -0.003 -9"><span class='ocrx_word' id='word_1_14' title='bbox 325 436 395 470; x_wconf 85' lang='lat' dir='ltr'>Nos</span> <span class='ocrx_word' id='word_1_15' title='bbox 421 437 615 479; x_wconf 82' lang='lat' dir='ltr'>amaritudo,</span> 
     </span>
    </p>

    <p class='ocr_par' dir='ltr' id='par_1_5' title="bbox 277 485 716 568">
     <span class='ocr_line' id='line_1_7' title="bbox 277 485 716 526; baseline -0.002 -8"><span class='ocrx_word' id='word_1_16' title='bbox 277 485 386 518; x_wconf 82' lang='lat' dir='ltr'>Pellat</span> <span class='ocrx_word' id='word_1_17' title='bbox 410 494 506 526; x_wconf 90' lang='lat' dir='ltr'>quam</span> <span class='ocrx_word' id='word_1_18' title='bbox 533 486 716 519; x_wconf 83' lang='lat' dir='ltr'><strong>dulcedinis</strong></span> 
     </span>
     <span class='ocr_line' id='line_1_8' title="bbox 324 534 623 568; baseline 0.003 -2"><span class='ocrx_word' id='word_1_19' title='bbox 324 534 415 566; x_wconf 84' lang='lat' dir='ltr'>Tuae</span> <span class='ocrx_word' id='word_1_20' title='bbox 439 534 623 568; x_wconf 84' lang='lat' dir='ltr'>multitudo¹</span> 
     </span>
    </p>
   </div>
   <div class='ocr_carea' id='block_1_2' title="bbox 188 607 781 984">
    <p class='ocr_par' dir='ltr' id='par_1_6' title="bbox 188 607 601 652">
     <span class='ocr_line' id='line_1_9' title="bbox 188 607 601 652; baseline -0.002 -8"><span class='ocrx_word' id='word_1_21' title='bbox 188 611 247 644; x_wconf 92' lang='lat'>22.</span> <span class='ocrx_word' id='word_1_22' title='bbox 276 607 424 644; x_wconf 76' lang='lat' dir='ltr'>Theosin</span> <span class='ocrx_word' id='word_1_23' title='bbox 453 610 601 652; x_wconf 85' lang='lat' dir='ltr'>mirifica,</span> 
     </span>
    </p>

    <p class='ocr_par' dir='ltr' id='par_1_7' title="bbox 326 659 645 693">
     <span class='ocr_line' id='line_1_10' title="bbox 326 659 645 693; baseline -0.003 0"><span class='ocrx_word' id='word_1_24' title='bbox 326 659 414 693; x_wconf 87' lang='lat' dir='ltr'>Coeli</span> <span class='ocrx_word' id='word_1_25' title='bbox 441 659 645 692; x_wconf 74' lang='lat' dir='ltr'>hierarchiae</span> 
     </span>
    </p>

    <p class='ocr_par' dir='ltr' id='par_1_8' title="bbox 276 708 781 798">
     <span class='ocr_line' id='line_1_11' title="bbox 276 708 781 750; baseline 0 -9"><span class='ocrx_word' id='word_1_26' title='bbox 276 708 380 747; x_wconf 78' lang='lat' dir='ltr'>Quam</span> <span class='ocrx_word' id='word_1_27' title='bbox 405 708 542 740; x_wconf 89' lang='lat' dir='ltr'>laudant</span> <span class='ocrx_word' id='word_1_28' title='bbox 566 717 627 750; x_wconf 85' lang='lat' dir='ltr'>per</span> <span class='ocrx_word' id='word_1_29' title='bbox 654 709 781 742; x_wconf 86' lang='lat' dir='ltr'>cantica</span> 
     </span>
     <span class='ocr_line' id='line_1_12' title="bbox 323 756 634 798; baseline 0.003 -10"><span class='ocrx_word' id='word_1_30' title='bbox 323 756 438 789; x_wconf 89' lang='lat' dir='ltr'>Dulcis</span> <span class='ocrx_word' id='word_1_31' title='bbox 462 756 634 798; x_wconf 86' lang='lat' dir='ltr'>melodiae,</span> 
     </span>
    </p>

    <p class='ocr_par' dir='ltr' id='par_1_9' title="bbox 277 804 662 887">
     <span class='ocr_line' id='line_1_13' title="bbox 277 804 662 848; baseline 0.005 -12"><span class='ocrx_word' id='word_1_32' title='bbox 277 804 413 848; x_wconf 79' lang='lat' dir='ltr'>Quaeso,</span> <span class='ocrx_word' id='word_1_33' title='bbox 441 814 494 837; x_wconf 90' lang='lat' dir='ltr'>me</span> <span class='ocrx_word' id='word_1_34' title='bbox 520 804 662 838; x_wconf 87' lang='lat' dir='ltr'>bonifica</span> 
     </span>
     <span class='ocr_line' id='line_1_14' title="bbox 325 853 612 887; baseline -0.007 0"><span class='ocrx_word' id='word_1_35' title='bbox 325 853 457 887; x_wconf 85' lang='lat' dir='ltr'>Meritis</span> <span class='ocrx_word' id='word_1_36' title='bbox 482 853 612 887; x_wconf 88' lang='lat' dir='ltr'>Mariae</span> 
     </span>
    </p>

    <p class='ocr_par' dir='ltr' id='par_1_10' title="bbox 274 901 687 984">
     <span class='ocr_line' id='line_1_15' title="bbox 274 901 687 943; baseline 0.002 -9"><span class='ocrx_word' id='word_1_37' title='bbox 274 901 320 934; x_wconf 87' lang='lat' dir='ltr'>Et</span> <span class='ocrx_word' id='word_1_38' title='bbox 345 902 472 943; x_wconf 85' lang='lat' dir='ltr'>perduc</span> <span class='ocrx_word' id='word_1_39' title='bbox 496 903 540 935; x_wconf 85' lang='lat' dir='ltr'>ad</span> <span class='ocrx_word' id='word_1_40' title='bbox 564 903 687 935; x_wconf 86' lang='lat' dir='ltr'>coelica</span> 
     </span>
     <span class='ocr_line' id='line_1_16' title="bbox 323 950 622 984; baseline -0.003 0"><span class='ocrx_word' id='word_1_41' title='bbox 323 952 363 984; x_wconf 87' lang='lat' dir='ltr'>In</span> <span class='ocrx_word' id='word_1_42' title='bbox 389 953 533 983; x_wconf 87' lang='lat' dir='ltr'>extremo</span> <span class='ocrx_word' id='word_1_43' title='bbox 560 950 622 984; x_wconf 90' lang='lat' dir='ltr'>die.</span> 
     </span>
    </p>
   </div>
   <div class='ocr_carea' id='block_1_3' title="bbox 187 1023 693 1408">
    <p class='ocr_par' dir='ltr' id='par_1_11' title="bbox 187 1023 693 1408">
     <span class='ocr_line' id='line_1_17' title="bbox 187 1023 563 1061; baseline 0.003 -1"><span class='ocrx_word' id='word_1_44' title='bbox 187 1028 247 1061; x_wconf 88' lang='lat'>23.</span> <span class='ocrx_word' id='word_1_45' title='bbox 274 1023 410 1061; x_wconf 90' lang='lat' dir='ltr'>Infinita</span> <span class='ocrx_word' id='word_1_46' title='bbox 435 1028 563 1061; x_wconf 86' lang='lat' dir='ltr'>bonitas</span> 
     </span>
     <span class='ocr_line' id='line_1_18' title="bbox 325 1076 620 1117; baseline -0.003 -8"><span class='ocrx_word' id='word_1_47' title='bbox 325 1076 522 1117; x_wconf 86' lang='lat' dir='ltr'>Sempiterni</span> <span class='ocrx_word' id='word_1_48' title='bbox 547 1076 620 1117; x_wconf 84' lang='lat' dir='ltr'>Dei,</span> 
     </span>
     <span class='ocr_line' id='line_1_19' title="bbox 273 1123 607 1163; baseline 0 -7"><span class='ocrx_word' id='word_1_49' title='bbox 273 1123 345 1163; x_wconf 76' lang='lat' dir='ltr'>Qua</span> <span class='ocrx_word' id='word_1_50' title='bbox 370 1133 410 1156; x_wconf 89' lang='lat' dir='ltr'>en</span> <span class='ocrx_word' id='word_1_51' title='bbox 436 1125 607 1157; x_wconf 78' lang='lat' dir='ltr'>actualitas</span> 
     </span>
     <span class='ocr_line' id='line_1_20' title="bbox 321 1173 652 1216; baseline 0.003 -12"><span class='ocrx_word' id='word_1_52' title='bbox 321 1173 441 1205; x_wconf 78' lang='lat' dir='ltr'>Exstat</span> <span class='ocrx_word' id='word_1_53' title='bbox 466 1173 569 1205; x_wconf 89' lang='lat' dir='ltr'>omnis</span> <span class='ocrx_word' id='word_1_54' title='bbox 594 1174 652 1216; x_wconf 87' lang='lat' dir='ltr'>rei,</span> 
     </span>
     <span class='ocr_line' id='line_1_21' title="bbox 271 1221 580 1254; baseline 0 0"><span class='ocrx_word' id='word_1_55' title='bbox 271 1221 360 1254; x_wconf 85' lang='lat' dir='ltr'>Vere</span> <span class='ocrx_word' id='word_1_56' title='bbox 384 1223 420 1253; x_wconf 87' lang='lat' dir='ltr'>tu</span> <span class='ocrx_word' id='word_1_57' title='bbox 445 1221 580 1254; x_wconf 80' lang='lat' dir='ltr'>satietas</span> 
     </span>
     <span class='ocr_line' id='line_1_22' title="bbox 318 1269 631 1310; baseline -0.003 -8"><span class='ocrx_word' id='word_1_58' title='bbox 318 1269 396 1302; x_wconf 87' lang='lat' dir='ltr'>Sola</span> <span class='ocrx_word' id='word_1_59' title='bbox 422 1269 531 1303; x_wconf 84' lang='lat' dir='ltr'>cordis</span> <span class='ocrx_word' id='word_1_60' title='bbox 557 1270 631 1310; x_wconf 84' lang='lat' dir='ltr'>mei,</span> 
     </span>
     <span class='ocr_line' id='line_1_23' title="bbox 267 1317 691 1361; baseline 0.005 -11"><span class='ocrx_word' id='word_1_61' title='bbox 267 1317 397 1359; x_wconf 79' lang='lat' dir='ltr'>Nempe</span> <span class='ocrx_word' id='word_1_62' title='bbox 421 1318 541 1351; x_wconf 88' lang='lat' dir='ltr'>multas</span> <span class='ocrx_word' id='word_1_63' title='bbox 568 1319 691 1361; x_wconf 75' lang='lat' dir='ltr'>gratias</span> 
     </span>
     <span class='ocr_line' id='line_1_24' title="bbox 318 1366 693 1408; baseline 0.008 -10"><span class='ocrx_word' id='word_1_64' title='bbox 318 1366 429 1399; x_wconf 81' lang='lat' dir='ltr'>Gratis</span> <span class='ocrx_word' id='word_1_65' title='bbox 455 1371 626 1408; x_wconf 86' lang='lat' dir='ltr'>praestans</span> <span class='ocrx_word' id='word_1_66' title='bbox 654 1370 693 1401; x_wconf 87' lang='lat' dir='ltr'>ei.</span> 
     </span>
    </p>
   </div>
   <div class='ocr_carea' id='block_1_4' title="bbox 181 1440 694 1825">
    <p class='ocr_par' dir='ltr' id='par_1_12' title="bbox 181 1440 674 1478">
     <span class='ocr_line' id='line_1_25' title="bbox 181 1440 674 1478; baseline 0.002 -1"><span class='ocrx_word' id='word_1_67' title='bbox 181 1445 241 1477; x_wconf 80' lang='lat'>24.</span> <span class='ocrx_word' id='word_1_68' title='bbox 269 1440 404 1478; x_wconf 86' lang='lat' dir='ltr'>Summa</span> <span class='ocrx_word' id='word_1_69' title='bbox 429 1447 465 1477; x_wconf 90' lang='lat' dir='ltr'>tu</span> <span class='ocrx_word' id='word_1_70' title='bbox 489 1445 674 1478; x_wconf 79' lang='lat' dir='ltr'>maximitas</span> 
     </span>
    </p>

    <p class='ocr_par' dir='ltr' id='par_1_13' title="bbox 315 1492 574 1533">
     <span class='ocr_line' id='line_1_26' title="bbox 315 1492 574 1533; baseline 0 -8"><span class='ocrx_word' id='word_1_71' title='bbox 315 1492 574 1533; x_wconf 85' lang='lat' dir='ltr'>Desideriorum,</span> 
     </span>
    </p>

    <p class='ocr_par' dir='ltr' id='par_1_14' title="bbox 266 1540 686 1636">
     <span class='ocr_line' id='line_1_27' title="bbox 266 1540 686 1575; baseline 0.002 -1"><span class='ocrx_word' id='word_1_72' title='bbox 266 1540 415 1575; x_wconf 84' lang='lat' dir='ltr'>Summas</span> <span class='ocrx_word' id='word_1_73' title='bbox 443 1542 524 1575; x_wconf 84' lang='lat' dir='ltr'>dans</span> <span class='ocrx_word' id='word_1_74' title='bbox 552 1542 686 1575; x_wconf 84' lang='lat' dir='ltr'>delicias</span> 
     </span>
     <span class='ocr_line' id='line_1_28' title="bbox 316 1591 656 1636; baseline -0.006 -12"><span class='ocrx_word' id='word_1_75' title='bbox 316 1591 431 1624; x_wconf 89' lang='lat' dir='ltr'>Choris</span> <span class='ocrx_word' id='word_1_76' title='bbox 458 1591 656 1636; x_wconf 72' lang='lat' dir='ltr'>angelorum,</span> 
     </span>
    </p>

    <p class='ocr_par' dir='ltr' id='par_1_15' title="bbox 263 1639 658 1730">
     <span class='ocr_line' id='line_1_29' title="bbox 263 1639 615 1680; baseline -0.003 -8"><span class='ocrx_word' id='word_1_77' title='bbox 263 1639 376 1680; x_wconf 85' lang='lat' dir='ltr'>Purga</span> <span class='ocrx_word' id='word_1_78' title='bbox 401 1639 615 1672; x_wconf 82' lang='lat' dir='ltr'>conscientias</span> 
     </span>
     <span class='ocr_line' id='line_1_30' title="bbox 313 1688 658 1730; baseline -0.003 -9"><span class='ocrx_word' id='word_1_79' title='bbox 313 1688 456 1721; x_wconf 87' lang='lat' dir='ltr'>Tuorum</span> <span class='ocrx_word' id='word_1_80' title='bbox 481 1697 658 1730; x_wconf 83' lang='lat' dir='ltr'>servorum,</span> 
     </span>
    </p>

    <p class='ocr_par' dir='ltr' id='par_1_16' title="bbox 265 1735 694 1825">
     <span class='ocr_line' id='line_1_31' title="bbox 265 1735 694 1778; baseline 0.005 -10"><span class='ocrx_word' id='word_1_81' title='bbox 265 1735 423 1777; x_wconf 84' lang='lat' dir='ltr'>Inquinat</span> <span class='ocrx_word' id='word_1_82' title='bbox 448 1746 527 1778; x_wconf 76' lang='lat' dir='ltr'>quos</span> <span class='ocrx_word' id='word_1_83' title='bbox 552 1736 694 1770; x_wconf 86' lang='lat' dir='ltr'>foeditas</span> 
     </span>
     <span class='ocr_line' id='line_1_32' title="bbox 314 1785 624 1825; baseline 0.003 -8"><span class='ocrx_word' id='word_1_84' title='bbox 314 1785 434 1825; x_wconf 86' lang='lat' dir='ltr'>Turpis</span> <span class='ocrx_word' id='word_1_85' title='bbox 460 1785 624 1819; x_wconf 87' lang='lat' dir='ltr'>vitiorum.</span> 
     </span>
    </p>
   </div>
   <div class='ocr_carea' id='block_1_5' title="bbox 177 1853 676 2243">
    <p class='ocr_par' dir='ltr' id='par_1_17' title="bbox 177 1853 676 2243">
     <span class='ocr_line' id='line_1_33' title="bbox 177 1853 615 1900; baseline 0 -10"><span class='ocrx_word' id='word_1_86' title='bbox 177 1858 234 1891; x_wconf 85' lang='lat'>25.</span> <span class='ocrx_word' id='word_1_87' title='bbox 264 1853 404 1898; x_wconf 85' lang='lat' dir='ltr'>Sapiens</span> <span class='ocrx_word' id='word_1_88' title='bbox 429 1867 448 1891; x_wconf 93' lang='lat' dir='ltr'>o</span> <span class='ocrx_word' id='word_1_89' title='bbox 474 1858 615 1900; x_wconf 77' lang='lat' dir='ltr'>trinitas,</span> 
     </span>
     <span class='ocr_line' id='line_1_34' title="bbox 313 1906 676 1950; baseline 0.003 -10"><span class='ocrx_word' id='word_1_90' title='bbox 313 1906 445 1941; x_wconf 85' lang='lat' dir='ltr'>Cunctis</span> <span class='ocrx_word' id='word_1_91' title='bbox 471 1907 676 1950; x_wconf 84' lang='lat' dir='ltr'>admiranda,</span> 
     </span>
     <span class='ocr_line' id='line_1_35' title="bbox 260 1955 640 1998; baseline 0.003 -10"><span class='ocrx_word' id='word_1_92' title='bbox 260 1955 377 1998; x_wconf 73' lang='lat' dir='ltr'>Neque</span> <span class='ocrx_word' id='word_1_93' title='bbox 402 1965 463 1997; x_wconf 87' lang='lat' dir='ltr'>per</span> <span class='ocrx_word' id='word_1_94' title='bbox 488 1957 640 1990; x_wconf 80' lang='lat' dir='ltr'>scientias</span> 
     </span>
     <span class='ocr_line' id='line_1_36' title="bbox 311 2004 638 2047; baseline 0.003 -10"><span class='ocrx_word' id='word_1_95' title='bbox 311 2004 416 2038; x_wconf 84' lang='lat' dir='ltr'>Nobis</span> <span class='ocrx_word' id='word_1_96' title='bbox 441 2005 638 2047; x_wconf 77' lang='lat' dir='ltr'>indaganda,</span> 
     </span>
     <span class='ocr_line' id='line_1_37' title="bbox 263 2053 656 2096; baseline 0.003 -10"><span class='ocrx_word' id='word_1_97' title='bbox 263 2053 330 2087; x_wconf 84' lang='lat' dir='ltr'>Sed</span> <span class='ocrx_word' id='word_1_98' title='bbox 354 2062 416 2096; x_wconf 86' lang='lat' dir='ltr'>per</span> <span class='ocrx_word' id='word_1_99' title='bbox 442 2055 656 2089; x_wconf 77' lang='lat' dir='ltr'>conscientias</span> 
     </span>
     <span class='ocr_line' id='line_1_38' title="bbox 310 2103 635 2147; baseline 0.006 -12"><span class='ocrx_word' id='word_1_100' title='bbox 310 2103 413 2136; x_wconf 87' lang='lat' dir='ltr'>Puras</span> <span class='ocrx_word' id='word_1_101' title='bbox 439 2104 635 2147; x_wconf 87' lang='lat' dir='ltr'>adamanda‚</span> 
     </span>
     <span class='ocr_line' id='line_1_39' title="bbox 257 2151 629 2193; baseline -0.003 -7"><span class='ocrx_word' id='word_1_102' title='bbox 257 2151 305 2186; x_wconf 84' lang='lat' dir='ltr'>Et</span> <span class='ocrx_word' id='word_1_103' title='bbox 328 2161 389 2193; x_wconf 86' lang='lat' dir='ltr'>per</span> <span class='ocrx_word' id='word_1_104' title='bbox 415 2152 629 2186; x_wconf 84' lang='lat' dir='ltr'>caerimonias</span> 
     </span>
     <span class='ocr_line' id='line_1_40' title="bbox 307 2201 655 2243; baseline 0.006 -9"><span class='ocrx_word' id='word_1_105' title='bbox 307 2201 432 2243; x_wconf 84' lang='lat' dir='ltr'>Dignas</span> <span class='ocrx_word' id='word_1_106' title='bbox 459 2203 655 2236; x_wconf 85' lang='lat' dir='ltr'>veneranda.</span> 
     </span>
    </p>
   </div>
   <div class='ocr_carea' id='block_1_6' title="bbox 171 2270 691 2468">
    <p class='ocr_par' dir='ltr' id='par_1_18' title="bbox 171 2270 691 2468">
     <span class='ocr_line' id='line_1_41' title="bbox 171 2270 619 2316; baseline 0.002 -8"><span class='ocrx_word' id='word_1_107' title='bbox 171 2275 230 2308; x_wconf 83' lang='lat'>26.</span> <span class='ocrx_word' id='word_1_108' title='bbox 257 2270 469 2309; x_wconf 84' lang='lat' dir='ltr'>Admiranda</span> <span class='ocrx_word' id='word_1_109' title='bbox 493 2276 619 2316; x_wconf 83' lang='lat' dir='ltr'>species</span> 
     </span>
     <span class='ocr_line' id='line_1_42' title="bbox 306 2323 581 2367; baseline 0.011 -11"><span class='ocrx_word' id='word_1_110' title='bbox 306 2323 371 2357; x_wconf 91' lang='lat' dir='ltr'>Dei</span> <span class='ocrx_word' id='word_1_111' title='bbox 397 2327 430 2357; x_wconf 94' lang='lat' dir='ltr'>et</span> <span class='ocrx_word' id='word_1_112' title='bbox 452 2325 581 2367; x_wconf 88' lang='lat' dir='ltr'>decora,</span> 
     </span>
     <span class='ocr_line' id='line_1_43' title="bbox 255 2372 592 2409; baseline 0.006 -2"><span class='ocrx_word' id='word_1_113' title='bbox 255 2372 410 2407; x_wconf 82' lang='lat' dir='ltr'>Rutilans</span> <span class='ocrx_word' id='word_1_114' title='bbox 435 2374 592 2409; x_wconf 88' lang='lat' dir='ltr'>millesies</span> 
     </span>
     <span class='ocr_line' id='line_1_44' title="bbox 306 2422 691 2468; baseline 0.013 -13"><span class='ocrx_word' id='word_1_115' title='bbox 306 2422 414 2465; x_wconf 83' lang='lat' dir='ltr'>Magis</span> <span class='ocrx_word' id='word_1_116' title='bbox 440 2433 536 2465; x_wconf 84' lang='lat' dir='ltr'>quam</span> <span class='ocrx_word' id='word_1_117' title='bbox 562 2434 691 2468; x_wconf 80' lang='lat' dir='ltr'>aurora,</span> 
     </span>
    </p>
   </div>
   <div class='ocr_carea' id='block_1_7' title="bbox 842 96 987 134">
    <p class='ocr_par' dir='ltr' id='par_1_19' title="bbox 842 96 987 134">
     <span class='ocr_line' id='line_1_45' title="bbox 842 96 987 134; baseline 0 0"><span class='ocrx_word' id='word_1_118' title='bbox 842 96 987 134; x_wconf 78' lang='lat'>21—-</span> 
     </span>
    </p>
   </div>
   <div class='ocr_carea' id='block_1_8' title="bbox 981 197 1435 386">
    <p class='ocr_par' dir='ltr' id='par_1_20' title="bbox 981 197 1435 336">
     <span class='ocr_line' id='line_1_46' title="bbox 981 197 1322 231; baseline 0 -1"><span class='ocrx_word' id='word_1_119' title='bbox 981 197 1030 230; x_wconf 84' lang='lat' dir='ltr'>Te</span> <span class='ocrx_word' id='word_1_120' title='bbox 1056 198 1210 231; x_wconf 87' lang='lat' dir='ltr'>coelestes</span> <span class='ocrx_word' id='word_1_121' title='bbox 1236 199 1322 231; x_wconf 90' lang='lat' dir='ltr'>acies</span> 
     </span>
     <span class='ocr_line' id='line_1_47' title="bbox 1030 246 1401 288; baseline -0.003 -8"><span class='ocrx_word' id='word_1_122' title='bbox 1030 247 1124 280; x_wconf 87' lang='lat' dir='ltr'>Omni</span> <span class='ocrx_word' id='word_1_123' title='bbox 1149 247 1287 279; x_wconf 85' lang='lat' dir='ltr'>laudant</span> <span class='ocrx_word' id='word_1_124' title='bbox 1310 246 1401 288; x_wconf 86' lang='lat' dir='ltr'>hora,</span> 
     </span>
     <span class='ocr_line' id='line_1_48' title="bbox 982 295 1435 336; baseline -0.002 -8"><span class='ocrx_word' id='word_1_125' title='bbox 982 295 1045 329; x_wconf 91' lang='lat' dir='ltr'>His</span> <span class='ocrx_word' id='word_1_126' title='bbox 1070 298 1146 336; x_wconf 88' lang='lat' dir='ltr'>post</span> <span class='ocrx_word' id='word_1_127' title='bbox 1170 304 1278 328; x_wconf 89' lang='lat' dir='ltr'>rerum</span> <span class='ocrx_word' id='word_1_128' title='bbox 1303 295 1435 328; x_wconf 87' lang='lat' dir='ltr'>ordines</span> 
     </span>
    </p>

    <p class='ocr_par' dir='ltr' id='par_1_21' title="bbox 1029 344 1432 386">
     <span class='ocr_line' id='line_1_49' title="bbox 1029 344 1432 386; baseline 0.002 -10"><span class='ocrx_word' id='word_1_129' title='bbox 1029 344 1087 376; x_wconf 86' lang='lat' dir='ltr'>Me</span> <span class='ocrx_word' id='word_1_130' title='bbox 1113 344 1211 386; x_wconf 84' lang='lat' dir='ltr'>junge</span> <span class='ocrx_word' id='word_1_131' title='bbox 1236 345 1307 377; x_wconf 88' lang='lat' dir='ltr'>sine</span> <span class='ocrx_word' id='word_1_132' title='bbox 1330 352 1432 377; x_wconf 84' lang='lat' dir='ltr'>mora.</span> 
     </span>
    </p>
   </div>
   <div class='ocr_carea' id='block_1_9' title="bbox 897 416 1408 792">
    <p class='ocr_par' dir='ltr' id='par_1_22' title="bbox 897 416 1363 455">
     <span class='ocr_line' id='line_1_50' title="bbox 897 416 1363 455; baseline 0 -2"><span class='ocrx_word' id='word_1_133' title='bbox 897 422 954 455; x_wconf 87' lang='lat'>27.</span> <span class='ocrx_word' id='word_1_134' title='bbox 981 416 1107 455; x_wconf 85' lang='lat' dir='ltr'>Nomen</span> <span class='ocrx_word' id='word_1_135' title='bbox 1131 420 1173 453; x_wconf 79' lang='lat' dir='ltr'>Ja</span> <span class='ocrx_word' id='word_1_136' title='bbox 1197 420 1363 454; x_wconf 82' lang='lat' dir='ltr'>laudabile</span> 
     </span>
    </p>

    <p class='ocr_par' dir='ltr' id='par_1_23' title="bbox 1034 468 1390 511">
     <span class='ocr_line' id='line_1_51' title="bbox 1034 468 1390 511; baseline -0.003 -9"><span class='ocrx_word' id='word_1_137' title='bbox 1034 468 1130 502; x_wconf 90' lang='lat' dir='ltr'>Omni</span> <span class='ocrx_word' id='word_1_138' title='bbox 1152 478 1256 510; x_wconf 84' lang='lat' dir='ltr'>purae</span> <span class='ocrx_word' id='word_1_139' title='bbox 1279 470 1390 511; x_wconf 86' lang='lat' dir='ltr'>menti,</span> 
     </span>
    </p>

    <p class='ocr_par' dir='ltr' id='par_1_24' title="bbox 980 517 1408 607">
     <span class='ocr_line' id='line_1_52' title="bbox 980 517 1297 551; baseline -0.003 0"><span class='ocrx_word' id='word_1_140' title='bbox 980 517 1084 551; x_wconf 82' lang='lat' dir='ltr'>1mmo</span> <span class='ocrx_word' id='word_1_141' title='bbox 1109 518 1297 550; x_wconf 85' lang='lat' dir='ltr'>venerabile</span> 
     </span>
     <span class='ocr_line' id='line_1_53' title="bbox 1028 565 1408 607; baseline -0.003 -8"><span class='ocrx_word' id='word_1_142' title='bbox 1028 565 1123 599; x_wconf 81' lang='lat' dir='ltr'>Omni</span> <span class='ocrx_word' id='word_1_143' title='bbox 1148 575 1282 606; x_wconf 83' lang='lat' dir='ltr'>prorsus</span> <span class='ocrx_word' id='word_1_144' title='bbox 1308 566 1408 607; x_wconf 84' lang='lat' dir='ltr'>genti,</span> 
     </span>
    </p>

    <p class='ocr_par' dir='ltr' id='par_1_25' title="bbox 981 613 1360 704">
     <span class='ocr_line' id='line_1_54' title="bbox 981 613 1293 655; baseline 0 -9"><span class='ocrx_word' id='word_1_145' title='bbox 981 613 1030 647; x_wconf 86' lang='lat' dir='ltr'>Te</span> <span class='ocrx_word' id='word_1_146' title='bbox 1054 614 1293 655; x_wconf 88' lang='lat' dir='ltr'>superamabile</span> 
     </span>
     <span class='ocr_line' id='line_1_55' title="bbox 1028 662 1360 704; baseline -0.003 -9"><span class='ocrx_word' id='word_1_147' title='bbox 1028 662 1155 695; x_wconf 84' lang='lat' dir='ltr'>Devote</span> <span class='ocrx_word' id='word_1_148' title='bbox 1180 662 1360 704; x_wconf 67' lang='lat' dir='ltr'>quaerenti,</span> 
     </span>
    </p>

    <p class='ocr_par' dir='ltr' id='par_1_26' title="bbox 982 709 1333 792">
     <span class='ocr_line' id='line_1_56' title="bbox 982 709 1333 744; baseline -0.003 -1"><span class='ocrx_word' id='word_1_149' title='bbox 982 709 1113 743; x_wconf 87' lang='lat' dir='ltr'>Summe</span> <span class='ocrx_word' id='word_1_150' title='bbox 1139 711 1333 744; x_wconf 87' lang='lat' dir='ltr'>delectabile</span> 
     </span>
     <span class='ocr_line' id='line_1_57' title="bbox 1028 759 1288 792; baseline 0 -1"><span class='ocrx_word' id='word_1_151' title='bbox 1028 759 1076 791; x_wconf 89' lang='lat' dir='ltr'>Te</span> <span class='ocrx_word' id='word_1_152' title='bbox 1099 759 1288 792; x_wconf 86' lang='lat' dir='ltr'>invenienti.</span> 
     </span>
    </p>
   </div>
   <div class='ocr_carea' id='block_1_10' title="bbox 896 832 1408 1209">
    <p class='ocr_par' dir='ltr' id='par_1_27' title="bbox 896 832 1366 877">
     <span class='ocr_line' id='line_1_58' title="bbox 896 832 1366 877; baseline -0.002 -8"><span class='ocrx_word' id='word_1_153' title='bbox 896 836 952 870; x_wconf 90' lang='lat'>28.</span> <span class='ocrx_word' id='word_1_154' title='bbox 982 832 1113 871; x_wconf 75' lang='lat' dir='ltr'>Cunctis</span> <span class='ocrx_word' id='word_1_155' title='bbox 1138 836 1366 877; x_wconf 81' lang='lat' dir='ltr'>praeoptabile</span> 
     </span>
    </p>

    <p class='ocr_par' dir='ltr' id='par_1_28' title="bbox 1028 884 1394 929">
     <span class='ocr_line' id='line_1_59' title="bbox 1028 884 1394 929; baseline -0.003 -12"><span class='ocrx_word' id='word_1_156' title='bbox 1028 885 1155 918; x_wconf 84' lang='lat' dir='ltr'>Bonum</span> <span class='ocrx_word' id='word_1_157' title='bbox 1179 886 1296 918; x_wconf 87' lang='lat' dir='ltr'>summi</span> <span class='ocrx_word' id='word_1_158' title='bbox 1320 884 1394 929; x_wconf 80' lang='lat' dir='ltr'>Dei,</span> 
     </span>
    </p>

    <p class='ocr_par' dir='ltr' id='par_1_29' title="bbox 979 933 1406 1025">
     <span class='ocr_line' id='line_1_60' title="bbox 979 933 1323 966; baseline -0.003 0"><span class='ocrx_word' id='word_1_159' title='bbox 979 933 1028 966; x_wconf 89' lang='lat' dir='ltr'>Te</span> <span class='ocrx_word' id='word_1_160' title='bbox 1055 933 1323 966; x_wconf 83' lang='lat' dir='ltr'>communicabile</span> 
     </span>
     <span class='ocr_line' id='line_1_61' title="bbox 1029 982 1406 1025; baseline -0.005 -10"><span class='ocrx_word' id='word_1_161' title='bbox 1029 982 1124 1015; x_wconf 87' lang='lat' dir='ltr'>Omni</span> <span class='ocrx_word' id='word_1_162' title='bbox 1148 985 1319 1023; x_wconf 80' lang='lat' dir='ltr'>praestans</span> <span class='ocrx_word' id='word_1_163' title='bbox 1345 982 1406 1025; x_wconf 86' lang='lat' dir='ltr'>rei,</span> 
     </span>
    </p>

    <p class='ocr_par' dir='ltr' id='par_1_30' title="bbox 978 1029 1314 1119">
     <span class='ocr_line' id='line_1_62' title="bbox 978 1029 1314 1063; baseline -0.003 0"><span class='ocrx_word' id='word_1_164' title='bbox 978 1029 1047 1063; x_wconf 86' lang='lat' dir='ltr'>Ens</span> <span class='ocrx_word' id='word_1_165' title='bbox 1073 1040 1091 1063; x_wconf 95' lang='lat' dir='ltr'>o</span> <span class='ocrx_word' id='word_1_166' title='bbox 1117 1030 1314 1062; x_wconf 79' lang='lat' dir='ltr'>venerabile.</span> 
     </span>
     <span class='ocr_line' id='line_1_63' title="bbox 1027 1078 1286 1119; baseline 0 -9"><span class='ocrx_word' id='word_1_167' title='bbox 1027 1078 1187 1111; x_wconf 86' lang='lat' dir='ltr'>Miserere</span> <span class='ocrx_word' id='word_1_168' title='bbox 1212 1079 1286 1119; x_wconf 56' lang='lat' dir='ltr'>mei²</span> 
     </span>
    </p>

    <p class='ocr_par' dir='ltr' id='par_1_31' title="bbox 978 1125 1408 1209">
     <span class='ocr_line' id='line_1_64' title="bbox 978 1125 1408 1167; baseline 0.002 -10"><span class='ocrx_word' id='word_1_169' title='bbox 978 1126 1078 1166; x_wconf 80' lang='lat' dir='ltr'>Quem</span> <span class='ocrx_word' id='word_1_170' title='bbox 1103 1129 1217 1166; x_wconf 86' lang='lat' dir='ltr'>gravat</span> <span class='ocrx_word' id='word_1_171' title='bbox 1245 1125 1408 1167; x_wconf 87' lang='lat' dir='ltr'>culpabile</span> 
     </span>
     <span class='ocr_line' id='line_1_65' title="bbox 1027 1175 1302 1209; baseline 0.004 -2"><span class='ocrx_word' id='word_1_172' title='bbox 1027 1175 1114 1207; x_wconf 81' lang='lat' dir='ltr'>Onus</span> <span class='ocrx_word' id='word_1_173' title='bbox 1139 1175 1302 1209; x_wconf 85' lang='lat' dir='ltr'>Jebusaei.</span> 
     </span>
    </p>
   </div>
   <div class='ocr_carea' id='block_1_11' title="bbox 892 1248 1436 1625">
    <p class='ocr_par' dir='ltr' id='par_1_32' title="bbox 892 1248 1436 1625">
     <span class='ocr_line' id='line_1_66' title="bbox 892 1248 1326 1286; baseline -0.007 0"><span class='ocrx_word' id='word_1_174' title='bbox 892 1253 949 1286; x_wconf 90' lang='lat'>29.</span> <span class='ocrx_word' id='word_1_175' title='bbox 978 1248 1124 1285; x_wconf 77' lang='lat' dir='ltr'>Trinitas</span> <span class='ocrx_word' id='word_1_176' title='bbox 1150 1251 1326 1285; x_wconf 87' lang='lat' dir='ltr'>laudabilis</span> 
     </span>
     <span class='ocr_line' id='line_1_67' title="bbox 1026 1298 1320 1334; baseline 0 -1"><span class='ocrx_word' id='word_1_177' title='bbox 1026 1300 1122 1333; x_wconf 89' lang='lat' dir='ltr'>Omni</span> <span class='ocrx_word' id='word_1_178' title='bbox 1145 1298 1320 1334; x_wconf 76' lang='lat' dir='ltr'>indefesse.</span> 
     </span>
     <span class='ocr_line' id='line_1_68' title="bbox 974 1349 1373 1389; baseline -0.005 -7"><span class='ocrx_word' id='word_1_179' title='bbox 974 1350 1007 1382; x_wconf 89' lang='lat' dir='ltr'>A</span> <span class='ocrx_word' id='word_1_180' title='bbox 1032 1349 1208 1389; x_wconf 84' lang='lat' dir='ltr'>primaevis</span> <span class='ocrx_word' id='word_1_181' title='bbox 1234 1349 1373 1381; x_wconf 89' lang='lat' dir='ltr'>saeculis</span> 
     </span>
     <span class='ocr_line' id='line_1_69' title="bbox 1025 1397 1436 1438; baseline 0.002 -9"><span class='ocrx_word' id='word_1_182' title='bbox 1025 1397 1146 1437; x_wconf 81' lang='lat' dir='ltr'>Quibus</span> <span class='ocrx_word' id='word_1_183' title='bbox 1172 1400 1322 1438; x_wconf 85' lang='lat' dir='ltr'>praestas</span> <span class='ocrx_word' id='word_1_184' title='bbox 1354 1406 1436 1438; x_wconf 86' lang='lat' dir='ltr'>esse,</span> 
     </span>
     <span class='ocr_line' id='line_1_70' title="bbox 974 1445 1381 1479; baseline -0.002 0"><span class='ocrx_word' id='word_1_185' title='bbox 974 1445 1036 1479; x_wconf 89' lang='lat' dir='ltr'>His</span> <span class='ocrx_word' id='word_1_186' title='bbox 1062 1449 1095 1478; x_wconf 91' lang='lat' dir='ltr'>te</span> <span class='ocrx_word' id='word_1_187' title='bbox 1116 1446 1251 1478; x_wconf 89' lang='lat' dir='ltr'>laudum</span> <span class='ocrx_word' id='word_1_188' title='bbox 1276 1446 1381 1478; x_wconf 82' lang='lat' dir='ltr'>titulis</span> 
     </span>
     <span class='ocr_line' id='line_1_71' title="bbox 1024 1495 1365 1538; baseline -0.006 -10"><span class='ocrx_word' id='word_1_189' title='bbox 1024 1495 1173 1529; x_wconf 84' lang='lat' dir='ltr'>Colentes</span> <span class='ocrx_word' id='word_1_190' title='bbox 1201 1503 1365 1538; x_wconf 83' lang='lat' dir='ltr'>expresse,</span> 
     </span>
     <span class='ocr_line' id='line_1_72' title="bbox 973 1543 1374 1584; baseline 0 -9"><span class='ocrx_word' id='word_1_191' title='bbox 973 1543 1043 1575; x_wconf 87' lang='lat' dir='ltr'>Fac</span> <span class='ocrx_word' id='word_1_192' title='bbox 1068 1543 1129 1575; x_wconf 90' lang='lat' dir='ltr'>tibi</span> <span class='ocrx_word' id='word_1_193' title='bbox 1155 1552 1226 1576; x_wconf 89' lang='lat' dir='ltr'>cum</span> <span class='ocrx_word' id='word_1_194' title='bbox 1251 1543 1374 1584; x_wconf 86' lang='lat' dir='ltr'>angelis</span> 
     </span>
     <span class='ocr_line' id='line_1_73' title="bbox 1020 1591 1335 1625; baseline 0 -1"><span class='ocrx_word' id='word_1_195' title='bbox 1020 1591 1059 1624; x_wconf 92' lang='lat' dir='ltr'>In</span> <span class='ocrx_word' id='word_1_196' title='bbox 1086 1592 1183 1624; x_wconf 85' lang='lat' dir='ltr'>coelis</span> <span class='ocrx_word' id='word_1_197' title='bbox 1210 1592 1335 1625; x_wconf 87' lang='lat' dir='ltr'>adesse.</span> 
     </span>
    </p>
   </div>
   <div class='ocr_carea' id='block_1_12' title="bbox 888 1660 1422 2048">
    <p class='ocr_par' dir='ltr' id='par_1_33' title="bbox 888 1660 1422 1708">
     <span class='ocr_line' id='line_1_74' title="bbox 888 1660 1422 1708; baseline 0 -10"><span class='ocrx_word' id='word_1_198' title='bbox 888 1664 945 1699; x_wconf 85' lang='lat'>30.</span> <span class='ocrx_word' id='word_1_199' title='bbox 973 1660 1063 1708; x_wconf 84' lang='lat' dir='ltr'>Vita,</span> <span class='ocrx_word' id='word_1_200' title='bbox 1092 1673 1175 1706; x_wconf 89' lang='lat' dir='ltr'>quae</span> <span class='ocrx_word' id='word_1_201' title='bbox 1200 1673 1259 1697; x_wconf 90' lang='lat' dir='ltr'>nos</span> <span class='ocrx_word' id='word_1_202' title='bbox 1285 1665 1422 1705; x_wconf 87' lang='lat' dir='ltr'>respicis</span> 
     </span>
    </p>

    <p class='ocr_par' dir='ltr' id='par_1_34' title="bbox 1020 1712 1308 1746">
     <span class='ocr_line' id='line_1_75' title="bbox 1020 1712 1308 1746; baseline 0.003 -1"><span class='ocrx_word' id='word_1_203' title='bbox 1020 1713 1089 1746; x_wconf 85' lang='lat' dir='ltr'>Nos</span> <span class='ocrx_word' id='word_1_204' title='bbox 1112 1712 1308 1746; x_wconf 88' lang='lat' dir='ltr'>vivificando</span> 
     </span>
    </p>

    <p class='ocr_par' dir='ltr' id='par_1_35' title="bbox 971 1760 1415 1852">
     <span class='ocr_line' id='line_1_76' title="bbox 971 1760 1285 1795; baseline -0.003 0"><span class='ocrx_word' id='word_1_205' title='bbox 971 1762 1018 1795; x_wconf 86' lang='lat' dir='ltr'>Et</span> <span class='ocrx_word' id='word_1_206' title='bbox 1043 1771 1153 1795; x_wconf 90' lang='lat' dir='ltr'>amore</span> <span class='ocrx_word' id='word_1_207' title='bbox 1178 1760 1285 1795; x_wconf 88' lang='lat' dir='ltr'>reficis</span> 
     </span>
     <span class='ocr_line' id='line_1_77' title="bbox 1019 1808 1415 1852; baseline 0.003 -9"><span class='ocrx_word' id='word_1_208' title='bbox 1019 1811 1148 1844; x_wconf 87' lang='lat' dir='ltr'>Mentes</span> <span class='ocrx_word' id='word_1_209' title='bbox 1173 1808 1415 1852; x_wconf 85' lang='lat' dir='ltr'>inflammando,</span> 
     </span>
    </p>

    <p class='ocr_par' dir='ltr' id='par_1_36' title="bbox 970 1858 1357 1950">
     <span class='ocr_line' id='line_1_78' title="bbox 970 1858 1338 1893; baseline -0.003 0"><span class='ocrx_word' id='word_1_210' title='bbox 970 1858 1098 1893; x_wconf 84' lang='lat' dir='ltr'>Perfice</span> <span class='ocrx_word' id='word_1_211' title='bbox 1122 1869 1180 1892; x_wconf 89' lang='lat' dir='ltr'>nos</span> <span class='ocrx_word' id='word_1_212' title='bbox 1208 1860 1338 1892; x_wconf 88' lang='lat' dir='ltr'>coelicis</span> 
     </span>
     <span class='ocr_line' id='line_1_79' title="bbox 1017 1908 1357 1950; baseline 0 -9"><span class='ocrx_word' id='word_1_213' title='bbox 1017 1908 1121 1942; x_wconf 85' lang='lat' dir='ltr'>Donis</span> <span class='ocrx_word' id='word_1_214' title='bbox 1149 1909 1357 1950; x_wconf 81' lang='lat' dir='ltr'>consolando,</span> 
     </span>
    </p>

    <p class='ocr_par' dir='ltr' id='par_1_37' title="bbox 970 1957 1365 2048">
     <span class='ocr_line' id='line_1_80' title="bbox 970 1957 1365 1991; baseline -0.005 0"><span class='ocrx_word' id='word_1_215' title='bbox 970 1958 1018 1991; x_wconf 86' lang='lat' dir='ltr'>Te</span> <span class='ocrx_word' id='word_1_216' title='bbox 1042 1957 1216 1991; x_wconf 86' lang='lat' dir='ltr'>laudantes</span> <span class='ocrx_word' id='word_1_217' title='bbox 1242 1957 1365 1991; x_wconf 86' lang='lat' dir='ltr'>inclitis</span> 
     </span>
     <span class='ocr_line' id='line_1_81' title="bbox 1016 2006 1315 2048; baseline 0.007 -9"><span class='ocrx_word' id='word_1_218' title='bbox 1016 2006 1110 2040; x_wconf 88' lang='lat' dir='ltr'>Sonis</span> <span class='ocrx_word' id='word_1_219' title='bbox 1133 2007 1315 2048; x_wconf 88' lang='lat' dir='ltr'>jubilandO.</span> 
     </span>
    </p>
   </div>
   <div class='ocr_carea' id='block_1_13' title="bbox 884 2076 1434 2459">
    <p class='ocr_par' dir='ltr' id='par_1_38' title="bbox 884 2076 1362 2124">
     <span class='ocr_line' id='line_1_82' title="bbox 884 2076 1362 2124; baseline -0.006 -9"><span class='ocrx_word' id='word_1_220' title='bbox 884 2079 940 2115; x_wconf 84' lang='lat'>31.</span> <span class='ocrx_word' id='word_1_221' title='bbox 969 2076 1131 2121; x_wconf 87' lang='lat' dir='ltr'>Simplum</span> <span class='ocrx_word' id='word_1_222' title='bbox 1157 2089 1175 2113; x_wconf 95' lang='lat' dir='ltr'>o</span> <span class='ocrx_word' id='word_1_223' title='bbox 1203 2079 1362 2124; x_wconf 88' lang='lat' dir='ltr'>deificum,</span> 
     </span>
    </p>

    <p class='ocr_par' dir='ltr' id='par_1_39' title="bbox 1017 2129 1413 2170">
     <span class='ocr_line' id='line_1_83' title="bbox 1017 2129 1413 2170; baseline -0.003 -8"><span class='ocrx_word' id='word_1_224' title='bbox 1017 2129 1154 2162; x_wconf 90' lang='lat' dir='ltr'>Trinum</span> <span class='ocrx_word' id='word_1_225' title='bbox 1180 2129 1239 2162; x_wconf 87' lang='lat' dir='ltr'>sed</span> <span class='ocrx_word' id='word_1_226' title='bbox 1264 2130 1413 2170; x_wconf 86' lang='lat' dir='ltr'>personis</span> 
     </span>
    </p>

    <p class='ocr_par' dir='ltr' id='par_1_40' title="bbox 966 2178 1432 2267">
     <span class='ocr_line' id='line_1_84' title="bbox 966 2178 1432 2219; baseline 0.002 -8"><span class='ocrx_word' id='word_1_227' title='bbox 966 2178 1133 2212; x_wconf 87' lang='lat' dir='ltr'>Praebens</span> <span class='ocrx_word' id='word_1_228' title='bbox 1159 2181 1193 2211; x_wconf 91' lang='lat' dir='ltr'>te</span> <span class='ocrx_word' id='word_1_229' title='bbox 1218 2178 1432 2219; x_wconf 84' lang='lat' dir='ltr'>symbolicum</span> 
     </span>
     <span class='ocr_line' id='line_1_85' title="bbox 1015 2226 1269 2267; baseline -0.004 -7"><span class='ocrx_word' id='word_1_230' title='bbox 1015 2226 1097 2260; x_wconf 89' lang='lat' dir='ltr'>Luci</span> <span class='ocrx_word' id='word_1_231' title='bbox 1122 2228 1269 2267; x_wconf 87' lang='lat' dir='ltr'>rationis,</span> 
     </span>
    </p>

    <p class='ocr_par' dir='ltr' id='par_1_41' title="bbox 965 2276 1338 2367">
     <span class='ocr_line' id='line_1_86' title="bbox 965 2276 1338 2319; baseline -0.003 -9"><span class='ocrx_word' id='word_1_232' title='bbox 965 2276 1041 2310; x_wconf 88' lang='lat' dir='ltr'>Duc</span> <span class='ocrx_word' id='word_1_233' title='bbox 1064 2277 1099 2309; x_wconf 92' lang='lat' dir='ltr'>in</span> <span class='ocrx_word' id='word_1_234' title='bbox 1125 2277 1338 2319; x_wconf 85' lang='lat' dir='ltr'>anagogicum</span> 
     </span>
     <span class='ocr_line' id='line_1_87' title="bbox 1015 2325 1317 2367; baseline -0.003 -7"><span class='ocrx_word' id='word_1_235' title='bbox 1015 2325 1317 2367; x_wconf 83' lang='lat' dir='ltr'>Contemplationis‚</span> 
     </span>
    </p>

    <p class='ocr_par' dir='ltr' id='par_1_42' title="bbox 964 2374 1434 2459">
     <span class='ocr_line' id='line_1_88' title="bbox 964 2374 1434 2408; baseline 0.002 -1"><span class='ocrx_word' id='word_1_236' title='bbox 964 2374 1105 2408; x_wconf 81' lang='lat' dir='ltr'>Fantem</span> <span class='ocrx_word' id='word_1_237' title='bbox 1131 2383 1262 2408; x_wconf 88' lang='lat' dir='ltr'>carmen</span> <span class='ocrx_word' id='word_1_238' title='bbox 1287 2374 1434 2408; x_wconf 85' lang='lat' dir='ltr'>inclitum</span> 
     </span>
     <span class='ocr_line' id='line_1_89' title="bbox 1015 2424 1307 2459; baseline 0.01 -3"><span class='ocrx_word' id='word_1_239' title='bbox 1015 2424 1072 2456; x_wconf 90' lang='lat' dir='ltr'>Tis</span> <span class='ocrx_word' id='word_1_240' title='bbox 1098 2424 1307 2459; x_wconf 88' lang='lat' dir='ltr'>laudationis.</span> 
     </span>
    </p>
   </div>
  </div>
 </body>
</html>
