1656 2674
153 291 211 327 31,

151 713 206 747 32.

154 1139 213 1173 33.

159 1563 215 1596 34.

162 1989 219 2021 35.

239 291 338 331 Cujus
365 288 463 328 digna
487 286 627 327 sumptio

283 337 392 371 Multa
418 333 544 368 confert
571 334 675 371 bonis,

233 386 318 419 Nam
344 382 605 418 commemoratio

283 436 333 466 est
363 431 557 470 dilectionis,

235 483 319 515 Item
343 480 560 521 augmentatio

285 531 335 562 est
361 527 552 566 devotionis,

234 579 274 611 In
298 577 423 610 hostem
450 575 587 608 armatio

283 629 431 665 tempore
456 624 579 666 agonis,

235 712 296 752 Qui
323 711 417 744 nobis
440 709 576 743 refectio

286 759 330 793 sit
354 759 546 801 spiritualis,

238 809 290 841 Ac
317 808 498 841 debilitatio

287 856 409 889 fomitis
437 856 588 895 carnalis,

237 906 372 938 Peccati
396 905 543 937 remissio

286 954 346 987 fiat
373 953 560 993 criminalis,

238 1003 305 1036 Sed
332 1005 366 1034 et
390 1001 525 1035 abolitio

284 1051 399 1091 culpae
424 1049 571 1083 venialis

240 1137 301 1177 Qui
324 1138 413 1177 juste
439 1136 635 1168 describitur

288 1185 415 1218 fluctus
440 1184 642 1220 benedictus,

240 1233 308 1273 Quo
334 1233 428 1266 homo
455 1232 635 1265 absolvitur

290 1282 412 1314 Satana
437 1280 584 1313 devictus

242 1329 358 1362 Gratia
383 1328 539 1369 reficitur,

290 1378 457 1419 vituteque
476 1377 584 1418 pictus

243 1426 351 1459 Coelis
377 1426 595 1458 introducitur

290 1474 445 1515 praemiis
475 1474 621 1506 amictus.

244 1560 344 1602 Cujus
371 1561 498 1594 fruetus
523 1561 629 1602 gratia

293 1618 383 1642 mens
410 1609 607 1648 humilietur,

242 1657 291 1691 Ut
319 1658 394 1690 vilis
418 1657 574 1698 superbia

292 1706 332 1739 ab
361 1707 435 1747 ipsa
460 1705 602 1747 fugetur,

248 1754 428 1796 Coi-disque
454 1755 574 1787 duritia

293 1804 356 1836 hoc
376 1803 594 1844 mollificetur,

243 1851 290 1885 Ut
314 1851 530 1885 beneficentia

292 1901 453 1942 indigenti
480 1902 584 1934 detur.

247 1988 314 2028 Quo
342 1986 450 2020 fructu
476 1989 609 2020 vesania

293 2037 363 2068 irae
388 2036 547 2077 abigatur,

244 2084 289 2117 Et
314 2093 393 2117 vera
418 2085 555 2117 scientia

295 2141 385 2165 mens
413 2133 596 2174 edoceatur,

246 2181 316 2221 Qua
337 2181 370 2212 in
395 2181 581 2215 innocentia

296 2229 390 2261 homo
417 2233 616 2271 coruscatur,

247 2276 295 2309 Ut
321 2277 443 2310 cunctis
471 2287 510 2310 ex
534 2278 662 2318 justitia

300 2334 392 2357 suum
417 2326 590 2359 tribuatur.

685 42 950 78 —186—-

788 187 847 221 IV.

854 283 909 316 36.

855 708 912 743 37.

857 1135 913 1167 38.

861 1560 919 1593 39.

864 1989 921 2023 40.

937 281 1005 321 Quo
1033 277 1141 311 fructu
1163 276 1327 318 paralysis

985 329 1081 369 pigra
1105 325 1326 368 propulsetur,

937 377 983 411 Et
1007 384 1099 409 mens
1125 373 1329 407 fortitudinis

988 425 1072 457 dono
1099 422 1282 462 roboretur,

939 474 1043 508 Immo
1070 475 1103 504 et
1127 470 1315 512 hydropisis

988 521 1080 555 avari
1105 519 1247 561 fugetur,

938 570 1129 610 Numusque
1154 567 1297 601 consiliis

988 618 1052 652 Dei
1079 617 1323 651 condemnetur.

939 707 1008 747 Quo
1034 704 1145 739 fructu
1170 704 1301 737 luxuria

989 753 1089 787 foeda
1115 753 1308 793 debelletur,

938 803 984 837 Et
1009 811 1100 835 mens
1126 801 1290 842 sapientia

989 860 1069 884 vera
1094 851 1285 888 delectetur,

942 899 1008 933 Sed
1035 902 1067 931 et
1093 898 1320 938 castrimargia

989 949 1053 981 hoc
1073 946 1183 980 fructu
1208 946 1343 979 sedetur

941 997 992 1031 Ae
1014 996 1233 1039 intelligentia.

993 1046 1120 1078 animae
1144 1046 1340 1085 praestetur.

941 1132 1002 1173 Qui
1030 1131 1172 1164 fructum
1195 1132 1368 1164 sinceriter

990 1182 1089 1213 istum
1115 1179 1366 1219 contemplatur,

943 1229 1060 1264 Omnia
1089 1229 1241 1261 hilariter

990 1278 1079 1310 bona
1102 1281 1269 1318 operatur,

945 1327 1092 1361 Sustinet
1116 1325 1267 1364 viriliter,

994 1374 1153 1416 quidquid
1179 1375 1385 1413 adversatur,

943 1423 989 1457 Et
1012 1422 1211 1456 fiducialiter

992 1472 1098 1505 Deum
1127 1470 1332 1511 deprecatur.

947 1559 1009 1600 Qui
1032 1558 1160 1591 fructus
1191 1557 1358 1591 diabolum

996 1608 1130 1648 ejusque
1157 1615 1292 1639 examen

944 1656 1068 1698 abigat
1101 1659 1132 1688 et
1158 1654 1313 1689 frivolum

994 1705 1109 1738 horum
1134 1704 1371 1745 machinamen,

945 1754 1098 1788 Praestet
1122 1753 1355 1786 adminiculum

995 1805 1093 1844 atque
1120 1803 1338 1840 consolamen‚

948 1851 1075 1884 Pressis
1101 1860 1160 1891 per
1185 1851 1367 1891 periculum

994 1901 1063 1933 sive
1087 1900 1295 1933 tribulamen.

948 1988 1010 2028 Qui
1034 1990 1152 2029 regnat
1175 1988 1210 2019 in
1237 1988 1372 2020 aethere

995 2036 1154 2069 Dominus
1181 2039 1381 2075 cunctorum,

947 2085 1111 2126 Dignatur
1137 2085 1272 2119 abluere

996 2134 1098 2174 pedes
1125 2133 1331 2177 famulorum,

947 2182 1066 2216 Linteo
1093 2185 1273 2223 extergere.

1001 2230 1183 2270 exemplum
1208 2230 1363 2262 decorum

949 2278 1028 2317 Dat,
1053 2278 1090 2310 id
1113 2277 1231 2318 jubens
1258 2276 1368 2312 facere

999 2325 1129 2366 plebem
1156 2327 1374 2360 credulorum.
