1656 2674
155 285 235 321 101.
264 286 370 319 Salve,
398 293 493 324 quain
518 291 604 316 nunc
629 290 768 315 veneror

157 709 237 745 102.

156 1136 236 1170 103.

156 1562 236 1596 104.

159 1987 238 2022 105.

705 30 950 66 -98-

314 334 434 365 Plausu
459 331 668 373 laetabundo,

263 383 329 416 Per
354 389 460 421 quam,
487 383 522 412 ut
550 378 715 419 confiteor,

314 428 408 461 Salus
433 429 523 460 venit
547 428 679 467 mundo,

262 477 319 510 Me
345 477 385 509 ab
411 476 515 515 hoste,
544 476 712 516 deprecor,

311 525 397 557 Tuta
423 523 611 564 furibundo,

263 577 331 614 Quo
355 573 514 606 suadente
538 572 691 613 iuquinor

312 621 442 655 Scelere
467 622 644 654 immundo.

266 709 372 751 Salve,
400 708 615 741 servatorium

315 757 448 790 Gratiae
472 758 633 798 coelestis,

265 806 424 847 Largiens
449 806 648 846 stipendium

313 855 351 886 In
377 855 446 887 vita
470 854 614 887 honestis

264 903 400 936 Fantem
427 902 646 936 laudatorium

312 951 386 983 Hoc
409 950 444 983 in
468 952 533 983 tuis
559 949 653 983 festis

263 1001 459 1034 Praeserves
485 1000 526 1032 ab
552 999 693 1032 hostium

310 1047 477 1080 Morsibus
501 1048 658 1080 molestis.

264 1135 371 1175 Salve,
400 1144 465 1176 cor,
492 1137 678 1176 praesentia

315 1183 411 1224 Cujus
440 1187 534 1216 ornat
562 1185 696 1224 coelum,

268 1232 365 1272 Cujus
390 1232 460 1265 nati
485 1233 591 1273 gratia

314 1280 409 1321 Legis
436 1281 552 1321 pandit
576 1282 694 1323 velum,

267 1329 338 1362 Tua
362 1328 559 1370 refulgentia

312 1378 441 1411 Ponant
467 1377 569 1410 hostis
595 1378 706 1418 telum,

264 1427 309 1459 Et
335 1435 409 1458 eum
432 1427 615 1466 pertinacia

315 1475 403 1507 Iram
429 1478 525 1515 atque
551 1476 666 1509 zelum.

264 1561 371 1603 Salve,
399 1562 490 1603 virgo
515 1563 625 1595 media

314 1610 461 1643 Homini:
490 1614 521 1643 et
547 1612 621 1652 Dei,

263 1660 327 1692 Per
353 1668 449 1700 quam
474 1659 635 1693 sacrificia

313 1708 519 1741 Immolamus
545 1709 583 1741 ei.

263 1758 302 1790 In
326 1756 390 1789 ista
414 1758 548 1790 miseria

313 1805 473 1838 Miserere
497 1806 572 1849 mei,

263 1854 423 1895 Meaeque
449 1855 565 1888 solatia

311 1901 378 1934 Des
404 1904 582 1944 progeniei.

266 1988 373 2030 Salve,
401 1991 496 2022 sedes
522 1991 658 2032 gratiae,

314 2038 461 2071 Christus
488 2048 551 2079 qua
577 2040 724 2084 sedebat,

265 2086 425 2128 Tempore
448 2087 607 2120 infantiae

314 2134 449 2174 Quando
476 2137 638 2178 vagiebat,

268 2181 334 2214 Sed
358 2183 604 2217 misericordiae

315 2229 434 2263 Sedem
459 2235 492 2263 te
516 2232 669 2267 habebat.

269 2277 347 2310 Cum
373 2282 505 2312 nostrae
530 2281 681 2314 miseriae

315 2326 463 2360 Maculas
490 2329 648 2370 tergebat.

802 186 848 218 ΙΙ.

859 281 928 315 106

860 707 928 742 107

858 1136 927 1171 108

859 1565 929 1599 109

861 1994 929 2028 110

932 306 940 313 .
968 279 1075 318 Salve,
1101 278 1229 318 signum
1254 275 1400 309 foederis

1015 326 1062 360 Et
1087 325 1282 368 securitatis,

965 376 1087 408 Datum
1112 373 1207 407 nobis
1233 373 1362 405 miseris

1014 423 1109 457 Dono
1136 422 1306 465 trinitatis,

968 472 1106 513 Porrige
1132 473 1174 505 de
1199 470 1328 512 superis

1016 520 1152 555 ‚Manum
1177 519 1311 560 pietatis

970 570 1163 604 Constrictis
1189 569 1223 601 in
1249 567 1395 601 tenebris

1017 618 1090 652 Suis
1112 627 1174 659 pro
1200 617 1357 658 pecc-atis.

933 732 940 739 .
969 706 1076 749 Salve,
1107 706 1196 738 dicta
1222 705 1338 738 civitas

1016 754 1203 795 Majestatis
1230 754 1304 793 Dei,

968 804 1018 837 Ob
1045 804 1158 844 culpas
1183 802 1383 843 praeteritas

1017 852 1072 885 Ad
1096 860 1192 893 quam
1220 854 1354 884 currunt
1379 850 1437 894 rei,

969 901 1083 935 Obstet
1109 904 1167 933 tua
1192 901 1298 940 pietas

1017 948 1239 992 Intemperiei‚

970 998 1088 1032 Gravis
1115 1007 1213 1039 quam
1237 997 1393 1038 iniquitas

1018 1047 1139 1081 Causat
1165 1047 1275 1079 cordis
1301 1047 1378 1079 mei.

932 1163 939 1168 .
967 1135 1074 1175 Salve,
1102 1134 1204 1167 clavis
1231 1142 1330 1167 aurea

1018 1184 1163 1217 Gemmis
1188 1183 1353 1223 decorata,

969 1234 1033 1267 Per
1058 1241 1155 1273 quam
1180 1235 1256 1264 sunt
1282 1232 1436 1265 aetherea

1017 1282 1134 1322 Regna
1156 1284 1314 1321 reserata,

970 1330 1121 1372 Dignitas
1147 1329 1296 1371 virginea

1017 1380 1097 1422 Tua,
1126 1388 1144 1411 ο
1170 1377 1278 1418 beata,

970 1428 1092 1469 Abigat
1118 1430 1266 1460 tartarea

1017 1476 1113 1510 Bella
1137 1480 1169 1509 et
1195 1479 1343 1517 peccata.

935 1590 941 1596 .
969 1564 1078 1597 Salve.
1104 1564 1205 1604 plena
1230 1564 1336 1605 gratia

1017 1613 1269 1654 Pneumatisque
1297 1613 1401 1657 donis,

967 1662 1110 1702 Quorum
1133 1661 1355 1695 redundantia

1017 1712 1072 1745 Ex
1096 1713 1130 1743 te
1154 1710 1226 1743 fluit
1251 1711 1357 1752 bonis,

968 1759 1075 1793 Aufer
1099 1759 1139 1792 ab
1168 1760 1307 1793 ecclesia

1017 1809 1094 1843 Vim
1124 1809 1313 1848 obsidionis,

970 1858 1072 1898 Quam
1096 1857 1200 1891 infert
1224 1858 1353 1891 malitia

1018 1906 1132 1948 Stygei
1155 1907 1344 1948 praedonis.

935 2021 941 2028 .
970 1993 1077 2035 Salve,
1105 1995 1207 2036 stirps
1234 1996 1366 2037 egregia

1019 2046 1128 2084 Atque
1153 2052 1323 2088 generosa,

971 2091 1094 2125 Summi
1120 2093 1207 2135 regis
1233 2092 1313 2133 filia,

1020 2140 1130 2173 Mater
1156 2142 1312 2183 gratiosa,

973 2188 1133 2221 Canentes
1155 2191 1335 2231 praeconia

1020 2237 1093 2269 Tua
1117 2238 1151 2270 in
1177 2237 1241 2272 hac
1265 2249 1375 2282 prosa,

970 2283 1129 2317 Transfer
1154 2286 1199 2318 ad
1223 2288 1350 2327 palatia

1022 2332 1111 2366 Coeli
1136 2335 1305 2375 gaudiosa..
