1656 2674
189 188 223 224 3,
252 184 356 222 Causa
381 197 400 221 o
425 188 648 229 pulcherrima

299 236 449 270 Omnium
476 237 642 278 bonorum,

204 315 213 321 ,
250 285 352 326 Quam
377 285 492 319 laudat
518 286 678 319 catholica

299 334 398 367 Plebs
425 343 504 368 sono
527 334 730 377 hymnorum,

250 381 357 416 Aufer
383 385 499 416 cuncta
522 383 651 417 lubrica

298 430 547 465 Desideriorum

249 480 321 513 Nec
345 489 410 513 non
435 482 468 511 et¹
491 480 699 521 phantastica

300 528 379 562 Cum
406 529 511 561 causis
539 537 660 562 eorum.

188 607 223 642 4.
252 603 375 641 Divina
398 607 546 647 potentia

299 653 439 687 Sanctae
464 654 632 696 trinitatis,

247 703 349 744 Quam
375 702 490 735 laudat
514 702 678 736 industria

297 751 395 783 Meae
419 751 634 793 paupertatis,

246 799 318 832 Tua
341 808 394 831 me
420 799 593 831 clementia

296 847 438 881 Mundet
462 857 482 880 a
506 849 651 889 peccatis

244 895 449 937 Repleatque
474 896 581 937 gratia

298 944 410 977 Omnis
435 943 627 977 honestatis.

185 1022 219 1057 5.
247 1018 329 1062 Rus,
358 1021 445 1062 quod
470 1021 608 1054 laudant
632 1022 742 1062 superi

294 1068 425 1103 Summo
452 1078 524 1102 cum
551 1073 677 1111 conatu,

246 1118 368 1158 Angeli
394 1120 427 1150 et
449 1118 550 1150 ceteri

295 1166 346 1199 De
372 1165 455 1199 coeli
481 1166 646 1208 comitatu,

246 1215 300 1249 Ad
326 1217 360 1247 te
386 1215 529 1247 clamant
553 1214 666 1248 miseri

290 1263 436 1296 Maximo
462 1263 603 1305 ploratu,

244 1314 275 1346 A
300 1320 358 1344 suo
383 1314 421 1344 ut
444 1311 542 1344 liberi

292 1359 393 1393 Fiant
416 1360 571 1393 incolatu.

182 1439 215 1473 6.
243 1434 365 1472 Factor
390 1436 479 1470 orbis
504 1436 628 1478 inclite,

291 1485 391 1519 Trine
416 1485 451 1518 in
475 1485 636 1526 personis,

198 1528 204 1537 ’
241 1535 304 1576 Qui
327 1534 513 1567 laudandus
541 1533 651 1567 debite

289 1583 337 1617 Es
360 1583 555 1624 hymnorum
581 1584 678 1627 sonis,

242 1632 334 1666 Audi
357 1640 473 1673 preces
499 1631 652 1665 subditae

290 1681 397 1721 Hujus
426 1681 600 1722 concionis,

241 1730 332 1764 Dans
355 1730 509 1770 juvamen
536 1729 652 1763 solitae

290 1778 538 1813 Consolationis.

180 1853 211 1887 7.
241 1849 359 1888 Grates
385 1860 471 1884 nunc
497 1849 668 1885 referimus

290 1901 430 1935 Sanctae
455 1901 608 1942 trinitati,

240 1950 311 1991 Qua
336 1958 445 1982 sumus
470 1952 503 1982 et
527 1950 666 1984 vivimus

289 1998 374 2032 Fide
401 1998 597 2041 congregati,

239 2048 316 2081 Tibi
341 2056 400 2080 nos
425 2048 661 2090 prosternimus

287 2097 440 2131 Summae
461 2096 612 2138 bonitati,

236 2146 284 2180 Ut
307 2155 366 2180 nos
392 2146 531 2179 mundes
557 2146 645 2179 ocius

286 2197 317 2229 A
338 2195 437 2228 sorde
462 2196 601 2236 peccati.

175 2271 207 2304 8.
235 2266 342 2310 Hujus
367 2277 485 2310 nempe
508 2269 655 2310 pondere

283 2320 338 2353 lta
361 2326 447 2353 nunc
472 2327 657 2361 gravamur,

235 2368 339 2401 Tuam
364 2367 471 2401 lucem
497 2376 633 2401 cernere

283 2417 330 2452 Ut
354 2417 583 2459 impediamur,

980 192 1078 226 Unde
1102 193 1195 225 tincti
1221 193 1330 227 cinere

1028 241 1199 283 Supplices
1225 250 1407 284 precamur,

979 289 1024 323 Ut
1051 290 1091 323 ab
1118 291 1205 323 omni
1231 291 1353 324 scelere

1028 338 1129 371 Citius
1155 339 1328 372 solvamur.

919 418 951 451 9.
978 411 1321 457 Incomprehensibilis

1028 463 1307 505 Contemplatione

977 512 1023 546 Et
1051 512 1302 545 interminabilis

1026 561 1073 594 Es
1100 560 1271 593 duratione

977 609 1029 643 Ao
1051 608 1293 650 inexplicabilis

1025 658 1221 698 Quocunque
1246 666 1404 698 sermone,

979 705 1045 739 Sed
1071 706 1158 739 omni
1183 705 1358 739 laudabilis

1026 754 1072 787 Es
1100 753 1281 788 devotione.

892 831 950 866 10.
976 828 1084 872 Kyrie
1108 829 1285 864 laudabilis

1028 879 1170 913 Cunctae
1195 881 1373 919 creaturae,

977 927 1042 962 Sed
1065 926 1315 967 superamabilis

1024 976 1110 1008 Vere
1134 975 1235 1008 menti
1260 983 1371 1016 purae,

975 1023 1044 1057 Nos
1071 1023 1170 1057 finitis
1196 1024 1333 1056 saeculis

1023 1072 1130 1113 Hujus
1155 1072 1242 1105 vitae
1270 1072 1370 1104 durae

975 1119 1067 1154 Infer
1091 1119 1310 1152 tabernaculis

1024 1167 1156 1201 Gloriae
1181 1167 1322 1202 futurae.

891 1245 946 1281 11.
973 1242 1047 1280 Lux
1071 1244 1338 1278 inconfuscabilis

1021 1294 1061 1326 In
1084 1294 1235 1335 personis
1259 1293 1357 1333 trina,

973 1341 1077 1375 Nobis
1103 1341 1298 1375 venerabilis

1022 1391 1138 1424 Mente
1164 1399 1235 1423 cum
1261 1390 1388 1432 supina,

974 1439 1077 1472 Serva
1100 1448 1160 1472 nos
1186 1439 1227 1472 ab
1254 1437 1389 1471 aemulis

1020 1487 1207 1528 Mentisque
1232 1487 1326 1519 ruina

974 1535 1171 1577 (iunctisque
1194 1535 1333 1577 piaculis

1023 1584 1139 1618 Gratia
1169 1584 1290 1618 divina.

889 1657 944 1692 12.
970 1653 1127 1698 Majestas
1155 1656 1271 1690 deifica

1021 1705 1151 1739 Summe
1175 1705 1361 1746 singulariS,

972 1755 1101 1795 {fugiter
1125 1753 1274 1796 angelica

1019 1803 1121 1836 Plebe
1145 1812 1228 1844 quae
1252 1803 1398 1836 laudaris

969 1854 1001 1885 A
1027 1850 1144 1885 fraude
1171 1851 1346 1885 Sathanica

1020 1901 1107 1934 Tuos
1133 1900 1265 1942 tuearis,

968 1951 1001 1983 A
1027 1950 1142 1991 quibus
1167 1950 1230 1984 hac
1255 1949 1441 1992 rhythmica

1019 1998 1134 2033 Laude
1157 1999 1334 2032 veneraris.

888 2072 945 2108 13.
972 2069 1099 2108 Nomen
1125 2071 1320 2105 admirabile

1020 2122 1125 2154 Tuum
1149 2121 1322 2162 universis,

958 2171 1091 2205 Cunctis
1117 2169 1342 2211 praedicabile

1020 2218 1180 2253 Gentibus
1205 2218 1382 2260 perversis,

969 2268 1073 2302 Nobis
1098 2267 1321 2311 praeamabile

1018 2318 1074 2351 Ad
1097 2321 1132 2351 te
1156 2325 1243 2350 nunc
1269 2318 1447 2360 conversis,

968 2367 1000 2400 A
1026 2369 1058 2399 te
1084 2365 1294 2401 formidabile

1016 2416 1137 2449 Merito
1164 2416 1298 2449 aversis.
