1656 2674
657 50 899 87 —24-

115 156 171 189 54.
198 151 379 188 Benedicta
402 152 542 193 trinitas,

245 203 348 236 Nobis
373 200 569 242 veneranda,

199 251 264 284 Sed
288 254 344 284 tua
368 248 511 281 infinitas

244 299 320 332 Non
343 300 393 331 est
414 295 611 338 indaganda,

196 348 350 380 Attamen
375 348 409 378 te
434 345 552 378 caritas

246 394 398 429 Possidet
423 394 571 433 amanda,

199 443 377 484 Servatque
399 442 565 475 humilitas

246 491 377 525 Cunctis
402 489 630 531 amplexanda.

114 571 170 603 55.
195 566 324 603 Imnum
348 567 435 601 hunc
458 566 690 607 thearchicum,

247 617 322 649 Tibi
348 625 470 649 summo
495 615 580 648 bono

197 665 339 698 Metrum
363 664 426 696 hoc
450 672 510 704 per
535 662 754 704 rhythmicum

244 713 344 753 Quem
369 712 485 745 devote
510 720 600 752 cano,

197 761 334 802 Suscipe
356 760 520 801 idoneum,

243 810 313 842 Fac
339 809 380 843 de
400 811 455 841 tuo
483 809 577 848 dono,

196 859 244 891 Te
267 861 305 890 ut
327 859 362 891 in
387 860 579 897 perpetuum

245 906 391 939 Laudem
418 905 500 938 coeli
525 905 652 938 throno.

114 984 170 1017 56.
199 979 336 1023 Semper
362 991 433 1014 cum
459 981 614 1023 angelicis

246 1032 359 1065 Ghoris
390 1031 577 1071 angelorum

194 1079 264 1111 Nec
290 1088 353 1112 non
380 1081 413 1110 et
437 1087 508 1110 cum
537 1078 653 1110 ceteris

245 1128 373 1159 Turmis
399 1126 575 1159 electorum

199 1175 309 1208 Colam
334 1179 367 1207 te
393 1175 552 1215 organicis

245 1224 361 1256 Titulis
386 1223 578 1264 hymnorum

196 1271 258 1303 His
281 1270 381 1304 finitis
407 1272 544 1303 saeculis

244 1320 284 1352 In
309 1328 407 1361 regno
434 1320 605 1352 coelorum.

115 1397 170 1430 57.
199 1393 310 1437 Alpha
334 1399 367 1429 et
392 1396 417 1429 O
443 1396 583 1429 Domine

244 1445 487 1485 Universitatis,

196 1492 365 1526 Exstantis
392 1496 554 1526 creamine

244 1542 335 1574 Tuae
358 1542 541 1583 potestatis,

897 146 1070 182 Defunctis
1093 154 1156 187 pro
1183 144 1318 177 crimine

947 196 1059 228 Poena
1082 193 1320 235 praegravatis,

898 243 1052 285 Digneris
1077 242 1249 284 porrigere

948 292 1083 325 Manum
1108 290 1252 332 pietatis.

814 372 871 405 58.
895 367 1023 405 Mariae
1043 378 1105 410 per
1128 367 1292 409 meritum,

947 417 1123 450 Genitricis
1149 416 1223 458 Dei,

898 467 997 508 GuJus
1023 465 1240 507 patrocinium

945 516 1066 548 Petunt
1090 523 1201 547 omnes
1226 513 1286 554 rei,

895 566 993 598 Meae
1025 562 1224 604 adjutorium

947 611 1014 644 Des
1039 611 1218 653 progeniei,

897 661 942 694 Et
967 662 1043 701 post
1067 660 1156 692 vitae
1180 659 1356 691 terminum

946 709 1084 741 Praesta
1108 708 1207 741 vitam
1236 708 1276 741 ei.

813 788 870 821 59.
897 783 965 821 Ens
991 784 1211 827 inattingibile

945 834 1096 866 Hominis
1121 841 1182 875 per
1207 841 1347 872 sensum,

896 883 1011 923 Neque
1037 881 1263 926 expressibile,

945 931 1028 971 Quia
1054 939 1087 963 es
1112 931 1316 972 immensum,

897 979 973 1013 Tibi
998 978 1203 1020 acceptabile

943 1027 1055 1060 Meum
1079 1028 1123 1060 sit
1146 1027 1326 1071 incensum,

896 1077 942 1110 Et
965 1075 1179 1117 propitiabile

942 1124 1028 1156 Mihi
1053 1124 1097 1157 sit
1123 1132 1312 1164 expensum.

813 1203 870 1236 60.
897 1199 1024 1237 Numen
1050 1211 1068 1234 o
1096 1200 1258 1243 deificum,

944 1251 1053 1291 Pater,
1079 1254 1167 1291 nate,
1194 1249 1323 1293 flamen,

896 1299 990 1339 Quod
1014 1299 1129 1332 laudat
1153 1300 1336 1340 angelicum

947 1347 1075 1388 Jugiter
1101 1356 1248 1389 examen,

899 1396 1015 1430 Solare
1040 1396 1237 1429 catholicum

926 1441 1087 1486 ‘Gregem
1112 1453 1173 1486 per
1195 1445 1361 1486 juvamen,

896 1493 950 1527 Ab
977 1494 1091 1526 eodem
1116 1494 1278 1526 hosticum

945 1541 1044 1574 Virus
1068 1543 1208 1583 pellens,
1258 1543 1377 1578 Amen,

192 1618 272 1646 Orat.
302 1628 356 1647 ms.
377 1619 561 1656 'regui-inum
589 1627 665 1647 saec.
693 1617 738 1648 15.
767 1618 840 1647 Clm.
861 1619 1034 1647 Monacens.
1055 1617 1094 1647 20
1103 1616 1171 1647 005.
1193 1619 1244 1648 fol.
1266 1618 1304 1648 41
1325 1619 1344 1649 b
1365 1620 1402 1648 A.
1422 1637 1462 1640 —

114 1657 195 1685 Orat.
220 1666 274 1685 ms.
302 1658 501 1695 'rega—insensa
528 1666 605 1686 saec.
634 1656 678 1686 15.
709 1658 782 1686 Olm-
809 1658 982 1687 Monacens.
1014 1656 1051 1687 20
1060 1656 1127 1687 016.
1155 1658 1207 1687 fol.
1236 1657 1292 1688 163
1321 1667 1341 1688 a
1365 1660 1400 1688 B.
1422 1674 1461 1678 ——

114 1696 244 1732 „Incipit
266 1696 393 1732 hymnus
421 1698 584 1725 amatorius
609 1697 647 1725 de
666 1697 729 1726 Sta.
745 1697 911 1733 Trinitate,
940 1698 1096 1726 continens
1124 1699 1158 1726 in
1184 1699 1262 1726 serie
1283 1698 1461 1736 capitalium

111 1734 256 1770 hymnum
283 1735 452 1772 angelicum
478 1735 730 1764 Chalcedonicum
756 1736 886 1765 scilicet:
919 1736 1048 1765 Sanetus
1076 1737 1178 1772 Demi,
1208 1736 1338 1766 Sanetus
1362 1738 1461 1774 fortis,

113 1772 239 1801 Sanctus
267 1776 297 1802 et
320 1774 511 1810 immortalis,
538 1774 682 1804 Miserere
710 1775 808 1804 nobis.
855 1771 979 1804 Amen.“

1021 1773 1072 1811 23,
1103 1774 1122 1805 3
1151 1776 1219 1811 Qua
1248 1777 1378 1806 enalitas
1400 1777 1461 1805 AB.

115 1812 272 1840 actualitas
292 1811 338 1846 (τὸ
360 1815 430 1841 actu
450 1811 526 1849 esse)
546 1812 777 1843 scholastischer
799 1813 1060 1844 Kunstausdruck.

495 1947 525 1978 2.
566 1947 611 1978 De
631 1955 656 1978 s.
678 1945 839 1979 Trinitate
859 1946 1035 1980 Abcdarius
1056 1947 1081 1980 I.

115 2027 147 2059 1.
173 2023 272 2059 Alme
297 2036 406 2060 rerum
432 2028 590 2068 conditor,

221 2075 261 2108 In
286 2076 433 2116 personis
455 2077 552 2118 trine,

175 2122 276 2162 Quem
300 2125 395 2156 unius
419 2123 526 2157 fateor

224 2172 363 2205 Virtutis
391 2173 530 2213 divinae,

176 2219 224 2252 Te
247 2221 383 2253 laudare
406 2221 522 2254 molior

224 2267 305 2301 Stilo
331 2269 534 2302 columbinae

174 2316 283 2358 Vocis,
308 2318 401 2350 salva
428 2318 586 2359 deprecor

223 2365 281 2398 Me
302 2366 338 2398 in
362 2374 433 2398 meo
458 2365 533 2400 fine.

815 2030 847 2062 2.
874 2026 1084 2074 Benedicam,
1117 2031 1267 2073 Domine,

922 2077 1026 2111 Tuam
1051 2080 1258 2120 majestatem

876 2125 1018 2159 Goelesti
1044 2136 1116 2160 cum
1142 2129 1271 2168 agmine

924 2176 988 2208 Per
1013 2177 1251 2219 aeternitatem,

878 2222 914 2255 Si
937 2226 993 2255 tuo
1021 2232 1092 2256 cum
1117 2225 1240 2258 lumine

924 2271 1035 2304 Meam
1060 2272 1251 2306 caecitatem

875 2319 980 2352 Pellis
1004 2323 1037 2352 et
1063 2330 1135 2354 cum
1162 2322 1297 2356 crimine

927 2369 1061 2402 Omnem
1087 2370 1297 2411 pravitatem.
