1656 2674
204 455 285 491 181.

200 853 280 886 182.

198 1248 279 1282 183.

194 1643 210 1675 1
219 1643 274 1676 84.

191 2038 271 2071 185.

743 67 1011 103 —106—

665 223 909 263 Septima
950 231 1088 263 pars.

735 308 790 338 Ad
809 309 1011 346 Vesperas.

312 456 396 495 Ave,
423 455 521 495 plena
546 455 651 495 gratia

358 504 457 536 Velut
483 503 715 545 aquaeductus,

310 552 431 585 Divina
457 552 629 584 clementia

358 599 411 632 Ex
437 609 500 641 qua
523 600 627 633 crevit
652 599 787 641 fructus,

310 649 377 689 Quo
404 648 512 681 Adam
538 649 582 681 ad.
608 649 727 689 gaudia

359 696 449 729 Coeli
476 700 524 729 est
549 696 715 739 reductus,

309 746 355 778 Et
381 745 480 777 corda
504 746 684 778 moerentia

360 792 442 826 Suos
468 796 592 834 ponunt
617 794 734 828 luctuS.

309 853 392 894 Ave,
419 860 437 883 0
465 852 644 884 clarissima

356 899 477 942 Nubes,
506 909 601 940 quam
626 900 774 934 ascendit

309 947 372 980 Dei
396 948 568 988 sapientia,

359 995 471 1028 Coelos
495 1005 577 1037 quae
603 998 761 1040 extendit,

306 1044 461 1078 Abrahae
487 1054 525 1077 ex
551 1045 657 1085 gratia

356 1091 471 1125 Semen
498 1093 726 1135 apprehendit,

305 1141 360 1174 Ex
384 1144 426 1176 te.
455 1141 651 1184 beatissima,

357 1188 461 1221 Carne
488 1190 560 1222 (lum
591 1190 769 1223 descendit.

305 1248 388 1280 Ave.
416 1256 499 1287 quae
523 1247 706 1281 hominibus

353 1294 469 1328 Pacem
494 1295 653 1336 peperisti

305 1343 460 1384 Coelique
479 1343 656 1377 virtutibus

355 1390 517 1423 Gaudium
542 1392 671 1432 auxisti,

305 1440 465 1473 Succurre
491 1440 627 1473 celerius

351 1487 458 1519 Menti
483 1497 573 1521 meae
598 1488 697 1529 tristi,

304 1536 487 1570 Clementer
512 1541 548 1569 ut
573 1537 703 1576 saepius

350 1584 459 1617 Antea
484 1584 601 1619 fecisti.

302 1644 385 1683 Ave,
413 1643 505 1683 virga
529 1642 694 1684 corrigens

350 1690 458 1723 Vitam
484 1692 677 1732 peccatoris,

301 1739 448 1772 Fortiter
473 1740 517 1772 sis
544 1738 677 1780 abigens

347 1786 496 1820 Fraudes
523 1789 717 1831 deceptoris,

300 1835 432 1868 Scelera
457 1837 501 1869 sis
526 1845 695 1869 removens

350 1884 412 1917 Tui
437 1885 626 1928 laudatoris,

299 1930 342 1966 In
366 1932 438 1965 Deo
463 1933 637 1974 proficiens

348 1981 395 2015 Ut
419 1982 480 2014 sim
508 1983 631 2015 cunctis
657 1983 755 2018 horis.

298 2041 380 2075 Ave.
406 2041 519 2073 mundi
545 2040 684 2082 domina,

347 2087 406 2121 Cui
431 2098 517 2122 nunc
543 2090 641 2121 corde
663 2090 749 2124 laeto

299 2136 386 2169 Cano
412 2137 607 2177 jubilamina

346 2184 468 2218 Mentis
494 2187 529 2219 in
555 2189 691 2227 secreto,

297 2232 411 2265 Hostis
436 2238 512 2275 post
538 2236 717 2268 certamina

344 2280 560 2325 Transitoque
586 2282 670 2316 freto

297 2328 419 2362 Nostra
441 2332 549 2364 scribe
573 2333 705 2365 nomina

344 2378 383 2411 In
410 2380 490 2411 coeli
518 2382 660 2415 decreto.

907 455 988 489 186.
1015 456 1096 494 Ave,
1123 454 1369 487 tabernaculum

1062 506 1150 543 Quae
1175 503 1388 544 protectionis

1013 551 1071 593 Es,
1097 551 1224 593 pellens
1247 553 1428 593 periculum

1063 600 1309 641 Tribulationis‚

1012 649 1098 682 Mihi
1124 649 1168 681 sis
1194 649 1367 683 latibulum

1061 698 1223 738 Tempore
1247 699 1371 741 agonis,

1011 746 1151 779 Hostilis
1179 747 1378 779 obstatulum

1060 795 1191 828 Pellens
1215 795 1383 829 suasionis.

903 852 982 886 187.
1012 854 1095 893 Ave,
1123 851 1204 886 felix
1229 852 1360 892 femina,

1061 901 1290 943 Circumplexa
1314 903 1430 944 virum,

1012 950 1163 983 Continet
1186 952 1347 992 regimina

1057 1000 1118 1039 Qui
1144 1008 1206 1039 per
1230 1000 1345 1034 mundi
1370 1010 1495 1044 gyrum,

1008 1046 1173 1080 Affectum
1200 1048 1352 1090 dilaquea

1058 1095 1174 1129 Cordis
1202 1098 1266 1129 mei
1294 1098 1410 1140 dirum,

1006 1143 1068 1183 Qui
1093 1143 1175 1177 facit
1198 1155 1259 1185 per
1285 1146 1423 1179 crimina

1056 1193 1114 1225 Me
1140 1194 1232 1233 quasi
1260 1195 1408 1230 delirum.

900 1251 978 1284 188.
1007 1251 1089 1292 Ave,
1116 1254 1213 1292 porta
1239 1253 1383 1294 dirigens

1055 1300 1111 1332 Ad
1137 1300 1328 1334 orientalem

1005 1346 1100 1380 Viam
1128 1357 1184 1380 cor
1209 1349 1368 1390 abjiciens

1056 1396 1193 1438 Culpam
1221 1399 1433 1440 criminalem,

1006 1443 1142 1478 Servum
1167 1449 1258 1478 tuum
1285 1449 1413 1488 erigens

1055 1492 1106 1525 Sis
1132 1494 1174 1526 ad
1200 1495 1419 1529 immortalem

1005 1541 1127 1584 Vitam,
1152 1545 1243 1575 tuam
1267 1543 1393 1578 faciens

1054 1590 1112 1623 Me
1138 1592 1413 1627 contubernalem.

898 1647 977 1680 189.
1005 1647 1089 1691 Ave,
1117 1650 1258 1691 quinque
1283 1652 1429 1692 porticus

1053 1697 1187 1731 Habens
1214 1709 1232 1732 0
1258 1701 1397 1742 piscina,

1003 1744 1118 1779 Utitur
1145 1748 1323 1782 catholicus

1054 1794 1151 1836 CuJ‘us
1180 1798 1355 1839 medicina,

1003 1843 1058 1876 Ad
1085 1847 1118 1876 te
1145 1845 1263 1878 missus
1290 1848 1434 1889 angelus,

1052 1892 1077 1925 O
1106 1893 1188 1926 coeli
1213 1896 1336 1940 regina,

1001 1940 1058 1972 Me
1085 1947 1256 1976 conservet
1279 1945 1411 1985 penitus

1049 1990 1103 2022 Ab
1132 1992 1219 2024 omni
1244 1994 1348 2028 ruina.

893 2046 973 2080 190.
1001 2048 1083 2093 Ave,
1111 2049 1203 2091 virgo
1229 2052 1383 2092 platanus

1050 2097 1329 2144 Obumbrationis,

1001 2144 1100 2185 Quam
1128 2149 1257 2181 ornavit
1282 2149 1441 2185 Dominus

1048 2195 1226 2229 Fructibus
1254 2201 1288 2230 et
1315 2199 1418 2245 donis,

997 2243 1134 2277 Manum
1161 2245 1203 2278 da
1228 2245 1381 2281 fidelibus

1048 2293 1298 2339 Consolationis,

1000 2341 1118 2374 Omnes
1142 2343 1270 2383 pellens
1295 2347 1436 2387 impetus

1049 2390 1180 2425 Tartari
1208 2393 1371 2428 draconis
