1656 2674
731 59 974 94 —70-

184 162 239 195 89.
268 158 465 202 sempiterni
491 159 595 200 patris
621 158 766 200 verbum,

314 209 402 242 Tuus
430 207 533 240 dulcis
559 206 655 248 filius,

266 258 332 291 Sua
355 260 460 289 morte
487 255 540 297 qui
566 254 742 296 superbum

314 306 386 340 Suis
412 305 522 345 privat
547 304 682 343 viribus,

264 354 295 386 A
318 353 413 386 nobis
439 361 533 385 omne
557 351 711 384 acerbum

314 401 392 434 Tuis
417 401 513 433 tollat
536 400 690 441 precibus

362 449 442 482 Cum
468 449 554 482 omni
577 448 722 482 infamia.

180 519 236 552 90.
264 515 427 552 Christum
453 518 627 550 adoramus
653 515 762 548 cuncti

177 876 218 909 91

175 1234 218 1267 92

173 1592 216 1625 93

171 1952 215 1984 94

167 2354 212 2374 ms

311 565 433 597 Watum
459 574 499 597 ex
523 566 557 596 te
582 565 719 606 virgine,

265 613 362 655 Cujus
389 614 566 655 gloriamur
591 612 681 645 uncti

311 663 483 703 Sanguinis
509 663 691 703 aspergine,

259 711 442 744 Exoramus
469 714 502 743 te
528 710 713 751 compuncti

309 758 421 792 Hostis
447 769 505 792 nos
531 757 736 792 fraudamine

358 808 456 840 Tutes
484 810 516 840 et
541 816 561 839 a
586 806 681 840 furia.

226 901 232 908 .
259 872 375 909 Robur
401 876 491 916 cujus
516 877 552 906 tu
578 875 741 907 subnerva

307 924 453 964 Ejusque
478 924 665 960 satellitum,

258 972 434 1004 Voluntate
460 980 521 1014 quo
548 975 702 1012 proterva

306 1020 402 1053 Facit
425 1020 460 1052 in
484 1029 543 1053 nos
568 1020 736 1064 impetum,

258 1069 329 1101 Tua
353 1078 452 1108 prece
476 1077 534 1101 nos
562 1077 728 1109 conserva,

307 1116 358 1149 Ne
383 1126 442 1149 nos
468 1116 511 1150 ad
536 1117 704 1149 interitum

353 1165 477 1197 Trahat
502 1173 541 1197 ex
567 1166 714 1199 audacia.

224 1258 230 1264 .
260 1230 375 1267 Induit
400 1233 428 1265 is
452 1242 528 1266 nam
554 1232 742 1275 frequenter

306 1282 494 1314 Formulam
520 1283 708 1326 angelicam,

258 1330 327 1370 Qua
351 1330 493 1363 occultat
518 1328 744 1363 fraudulenter

305 1378 454 1419 Speciem
479 1379 667 1421 satanicam,

256 1427 363 1459 Multa
387 1430 527 1460 mentem
552 1427 731 1461 insolenter

303 1475 409 1508 Docet
433 1476 480 1508 sic
506 1476 699 1509 catholicam

355 1524 629 1559 Inconvenientia.

222 1617 229 1625 .
257 1589 423 1633 Siquidem
450 1593 497 1625 sic
521 1593 627 1625 minus
653 1593 748 1627 tritos

304 1642 343 1674 In
371 1641 454 1673 dono
481 1640 637 1674 scientiae

254 1689 310 1722 Ad
340 1697 467 1722 errores
492 1688 636 1723 infinitos

305 1737 370 1770 Sub
396 1738 553 1771 virtutum
579 1740 689 1780 speeie

255 1786 380 1820 Trahit.
408 1796 487 1827 quos
513 1787 561 1819 sic
586 1788 730 1821 irretitos

302 1835 441 1875 Laqueis
467 1836 631 1876 nequitiae

352 1883 471 1916 Trahit
494 1884 537 1917 ad
561 1885 681 1919 inania.

218 1975 226 1983 .
255 1948 302 1984 Te
327 1954 516 1992 regnantem
535 1952 603 1992 jam
628 1954 662 1986 in
687 1963 764 1988 arce

303 1999 453 2032 Summae
479 2000 681 2035 celsitudinis

255 2048 468 2091 Venerantes,
493 2050 590 2090 hujus
612 2052 702 2084 calce

302 2096 526 2137 Deprecamur
550 2100 711 2142 carminis

253 2144 300 2178 Ut
322 2154 513 2186 praeserves
540 2156 560 2179 a
584 2147 718 2182 fornace

300 2194 463 2227 Aeternae
487 2196 632 2229 uredinis

351 2241 460 2276 Corda
483 2247 516 2276 te
542 2246 693 2278 amantia.

907 158 963 192 95.

903 518 960 552 96.

903 878 958 910 97.

899 1238 955 1271 98.

898 1598 953 1632 99.

871 1957 953 1992 100.

991 153 1086 191 Uana
1109 154 1224 187 mundi
1250 153 1422 195 aspernari

1039 203 1109 237 Fac
1132 212 1192 236 nos
1220 202 1413 243 virtualiter,

989 252 1035 286 Et
1060 261 1143 292 quae
1168 250 1232 284 Dei
1258 254 1343 294 sunt,
1371 251 1492 283 sectari

1038 301 1157 333 Animo
1187 299 1348 342 hilariter,

988 348 1187 388 uteremur,
1213 351 1253 380 ut
1273 348 1369 382 beari

1040 397 1119 430 Cum
1144 398 1266 431 sanctis
1295 397 1485 439 perenniter

1084 446 1190 480 Maris
1213 451 1290 486 post,
1315 444 1497 487 naufragia.

989 514 1099 556 Salve,
1124 518 1230 548 mater
1255 514 1442 557 benedicta,

1036 564 1143 604 Salve,
1170 564 1262 597 salve
1286 563 1417 605 millies,

986 613 1073 647 Vero
1099 614 1169 646 sole
1194 615 1285 645 stans
1311 613 1431 645 amicta.

1037 662 1221 703 Splendens
1246 664 1284 693 ut
1307 662 1473 704 meridies,

988 712 1062 745 Jam
1086 711 1208 744 iratum
1235 710 1276 742 ob
1306 710 1428 744 delicta

1035 759 1158 792 Filium
1183 759 1345 800 propities

1084 808 1220 849 Nosque
1243 807 1434 843 reconcilia.

986 875 1122 911 Amoris
1144 877 1209 909 hoc
1231 877 1355 917 signum
1385 885 1497 910 cernas

1034 925 1111 957 Tibi
1136 924 1373 964 famulantium,

985 974 1120 1007 Dictum
1145 982 1241 1007 voces
1266 983 1327 1014 per
1354 977 1503 1007 externas

1033 1023 1130 1056 More
1153 1022 1375 1064 jubilantium,

986 1072 1079 1113 Quod
1104 1081 1164 1104 nos
1192 1072 1290 1104 ducat
1308 1072 1352 1105 ad
1369 1073 1516 1105 aeternas

1032 1120 1120 1153 Odas
1146 1123 1180 1153 te
1204 1120 1410 1153 laudantium

1082 1168 1162 1201 Cum
1185 1169 1442 1210 perseverantia.

982 1234 1089 1271 Mater
1113 1237 1334 1279 sempiternae
1357 1238 1449 1281 lucis,

1031 1286 1142 1318 Mater
1167 1286 1308 1319 clemens
1325 1295 1514 1330 pauperum,

982 1335 1071 1375 Quae
1097 1335 1140 1368 ad
1166 1335 1268 1368 vitam
1291 1345 1351 1368 nos
1377 1336 1505 1368 reducis

1030 1383 1084 1416 Ab
1112 1392 1224 1417 errore
1248 1385 1419 1425 scelerum,

981 1432 1091 1465 Frena
1116 1431 1267 1465 fraudem
1283 1433 1386 1466 hostis
1403 1433 1515 1474 trucis,

1030 1480 1082 1512 Ne
1109 1482 1207 1514 ducat
1231 1482 1266 1514 in
1290 1481 1432 1515 inferum

1081 1530 1147 1563 Sua
1171 1539 1231 1563 nos
1256 1529 1390 1563 ferocia.

981 1594 1034 1632 En
1059 1599 1103 1631 ad
1128 1602 1171 1644 te,
1201 1599 1303 1640 virgo,
1332 1600 1515 1644 clamamus,

1031 1647 1151 1680 Matris
1176 1647 1269 1681 Evae
1294 1647 1366 1691 filii,

982 1695 1043 1736 Qui
1068 1696 1103 1728 in
1129 1697 1225 1738 hujus
1253 1697 1444 1730 oberramus

1032 1743 1206 1778 Fluctibus
1234 1747 1350 1791 exsilii,

979 1794 1175 1826 Matemalis
1200 1794 1295 1827 nobis
1316 1804 1432 1828 manus

1030 1842 1157 1884 Tuique
1181 1844 1340 1884 praesidii

1077 1891 1233 1924 Praestes
1261 1895 1292 1925 et
1318 1893 1451 1927 auxilia.

981 1956 1032 1993 Ne
1057 1957 1156 1992 finale
1180 1963 1257 2002 post
1282 1970 1419 1994 examen

1028 2008 1170 2049 Propter
1195 2013 1310 2043 nostra
1333 2011 1460 2043 scelera

979 2055 1219 2099 Demergamur
1244 2059 1280 2092 in
1305 2059 1478 2093 sufflamen

1031 2105 1140 2147 Stygis
1166 2107 1219 2141 vel
1244 2108 1279 2140 in
1305 2112 1432 2141 tartara

980 2153 1047 2187 Sed
1070 2164 1132 2195 per
1156 2159 1190 2189 te
1210 2156 1385 2200 laetanter,
1412 2167 1518 2202 amen,

1027 2202 1190 2239 Levemur
1215 2205 1259 2238 ad
1285 2208 1421 2240 aethera

1078 2251 1156 2286 Sine
1181 2255 1382 2290 resistentia.

246 2308 327 2336 Orat.
349 2317 402 2337 ms.
423 2311 564 2348 Tegurin.
586 2320 663 2341 saec.
686 2311 732 2342 15.
755 2315 829 2344 Clm.
852 2316 971 2346 Monac.
997 2316 1099 2348 19824
1118 2321 1170 2350 fol.
1195 2320 1249 2351 101
1273 2331 1299 2351 a.
1315 2324 1350 2352 A.
1372 2340 1411 2345 —
1432 2324 1516 2354 Orat.

216 2366 223 2373 .
245 2347 386 2384 Tegurin.
408 2357 485 2378 saec.
509 2349 553 2379 15.
577 2351 650 2379 Clm.
671 2352 790 2382 Monac.
814 2354 849 2383 19
858 2353 914 2385 636
935 2357 986 2386 fol.
1008 2356 1067 2387 274
1091 2368 1118 2387 a.
1143 2361 1176 2389 Β.

248 2386 402 2423 „Hymnus
423 2388 460 2416 de
472 2389 546 2424 BV„
561 2392 612 2426 qui
627 2392 762 2420 continet
774 2394 808 2422 in
820 2395 899 2423 serie
912 2398 1090 2433 capitalium
1106 2401 1276 2437 angelicam
1291 2403 1518 2432 salutationem.
