1656 2674
2 102 27 1023 —sm-f—..eqffi———W
21 168 24 171 .

801 111 1068 147 —171—

260 208 317 242 29.
345 208 445 249 Quem
471 208 533 242 hoc
557 218 674 242 nomen
700 210 824 250 triplici

395 257 487 290 decet
513 258 657 291 ratione:

344 306 398 339 Ex
423 309 542 339 natura
566 307 706 348 simplici

397 364 454 387 seu
480 356 685 396 salutatione,

347 404 463 438 Carnis
489 412 529 436 ex
554 404 728 445 multiplici

396 452 618 496 castigatione,

345 500 487 541 Spiritus
513 501 719 542 septemplici

394 550 499 582 sancti
526 550 667 582 datione.

260 696 316 729 31.
345 696 445 736 Quem
469 695 556 735 magi
580 703 641 735 per
666 694 776 727 sidera

392 743 564 784 gratiaque
592 743 646 774 dia

342 791 501 832 Noscunt,
528 791 572 823 ad
596 791 716 824 itinera

393 849 429 872 se
456 840 535 873 dant
559 843 668 871 mente
691 840 757 884 pia,

344 889 532 922 Adorantes
553 896 688 921 munera

393 937 457 969 sibi
483 936 594 969 ferunt,
618 937 693 978 tria,

344 986 393 1019 Te
418 985 581 1026 gaudente
605 988 719 1017 tenera

392 1035 519 1075 virgine
547 1033 665 1067 Maria.

258 1093 315 1126 32.
343 1092 486 1132 Propter
508 1100 601 1133 quem
626 1091 763 1124 Arabici

392 1149 485 1182 reges
512 1149 581 1173 sive
605 1149 691 1181 magi

341 1189 466 1222 Sideris
492 1189 532 1221 ob
561 1189 674 1222 coelici

391 1238 519 1278 signum
545 1236 625 1269 facti
649 1237 734 1280 vagi,

342 1285 429 1318 Nam
455 1288 634 1327 coeperunt
658 1286 787 1327 conjici,

390 1335 427 1367 id
452 1344 516 1367 non
542 1343 625 1367 vane
650 1334 713 1375 agi,

345 1383 511 1424 Quaerunt
539 1385 577 1415 ut
602 1383 754 1415 catholici

394 1441 505 1473 regem
529 1431 625 1473 parvi
649 1432 736 1472 pagi.

262 1492 319 1526 33.
345 1490 527 1523 Benedicta
551 1488 621 1522 filia

390 1541 427 1571 tu
451 1539 497 1571 sis
523 1537 618 1583 hujus
646 1539 744 1580 regis,

344 1587 597 1622 Caerimonialia

395 1637 485 1677 cujus
508 1636 599 1676 justa
622 1636 715 1677 legis,

340 1685 484 1719 Devotos
510 1694 571 1725 per
595 1685 729 1718 brachia

389 1737 447 1767 tua
465 1734 528 1766 tibi
553 1734 649 1775 tegis,

342 1784 436 1817 Inter
459 1782 640 1816 mundialia

392 1841 473 1874 quos
500 1833 676 1864 clementer
700 1830 797 1872 regis.

258 1892 317 1926 34.
345 1892 447 1932 Quem
470 1890 559 1932 magi
582 1889 772 1922 muneribus

393 1940 500 1972 tribus
526 1940 713 1978 adorantes,

341 1991 393 2023 Ac
420 1989 537 2022 devote
562 1987 705 2021 vultibus

392 2038 490 2079 proni
515 2038 701 2077 adorantes,

341 2088 399 2120 Ad
424 2096 484 2119 sua
510 2086 647 2118 celerius

392 2136 521 2170 vadunt
546 2135 594 2168 sic
618 2137 763 2174 ovantes,

347 2185 527 2220 Colendum
552 2184 640 2217 hunc
664 2183 815 2225 gentibus

390 2234 503 2267 multis
527 2233 767 2275 praedicantes.

257 2295 314 2329 35.
342 2295 445 2336 Quem
470 2302 566 2326 sacra
590 2292 764 2325 theotocon

392 2343 509 2377 vinclis
535 2342 660 2375 ventris
687 2341 769 2374 casti

340 2393 454 2428 Veluti
479 2392 675 2426 rhinoceron

392 2440 510 2475 fortem
538 2442 698 2486 allegasti,

963 211 1018 245 30.
1048 210 1146 251 Cujus
1170 220 1288 244 nomen
1312 212 1442 244 numine

1094 269 1217 293 summo
1242 261 1418 298 nuntiatur,

1044 309 1076 341 A
1100 311 1134 340 te
1159 312 1272 341 sancta
1296 309 1422 350 virgine

1095 360 1243 390 sanctum
1266 358 1486 400 praedicatur,

1046 405 1078 437 A
1105 405 1272 439 doctorum
1300 406 1427 447 agmine

1096 455 1216 487 mundo
1241 455 1444 495 propalatur,

1046 501 1233 543 Martyrum
1257 504 1291 535 in
1317 503 1470 543 sanguine

1096 551 1155 583 sed
1181 550 1382 585 testificatur.

901 638 959 672 IV.

1047 696 1139 729 Patri
1165 705 1222 729 suo
1247 696 1281 728 in
1308 696 1386 729 Sion

1095 745 1202 785 ipsum
1226 745 1274 777 sic
1297 745 1410 783 litasti,

1045 793 1142 825 Anna
1167 802 1261 835 quem
1287 796 1320 825 et,
1345 793 1484 833 Simeon,

1093 844 1129 873 tu
1155 851 1280 883 quoque
1304 842 1455 875 laudasti.

962 901 1018 935 36.
1046 899 1106 939 Qui
1131 901 1220 940 patri
1247 908 1319 932 cum
1344 900 1458 931 hostiis

1097 957 1117 980 a
1140 951 1173 980 te
1198 950 1435 989 praesentatus,

1050 996 1209 1029 Simeonis
1234 997 1377 1029 brachiis

1096 1043 1159 1077 fuit
1183 1046 1385 1086 amplexatus

1046 1092 1093 1125 Et
1116 1094 1227 1125 multis
1253 1093 1435 1134 praeconiis

1095 1141 1135 1173 ab
1164 1151 1200 1174 eo
1225 1142 1388 1181 laudatuS,

1045 1189 1263 1231 Dandumque
1280 1190 1408 1230 injuriis

1094 1238 1181 1271 hunc
1207 1243 1257 1271 est
1279 1241 1489 1280 protestatus,

962 1298 1019 1332 37.
1047 1296 1146 1336 Quem
1170 1297 1321 1330 Herodes
1346 1297 1465 1337 impius

1096 1353 1155 1378 rex
1179 1346 1381 1386 Ascalonita,

1048 1395 1219 1427 Insecutus
1246 1395 1370 1427 cautius

1098 1451 1138 1475 ex
1163 1442 1280 1476 fraude
1305 1443 1428 1481 molita,

1049 1490 1115 1524 Sed
1141 1494 1210 1533 eJus
1238 1492 1393 1524 divinitus

1096 1538 1186 1573 fraus
1214 1543 1264 1573 cst
1287 1540 1454 1581 impedita

1048 1588 1148 1628 Quam
1174 1589 1331 1631 benignus
1356 1589 1515 1621 Dommus

1096 1638 1274 1671 declinavit
1297 1639 1355 1671 ita.

962 1697 1018 1730 38.
1047 1695 1109 1735 Qui
1134 1700 1286 1729 monente
1312 1697 1426 1738 angelo

1093 1745 1128 1777 in
1154 1747 1340 1787 Aegyptum
1369 1746 1493 1787 ductus,

1049 1792 1150 1826 Caute
1176 1803 1195 1826 a
1219 1795 1366 1835 periculo

1095 1843 1209 1875 mortis
1236 1847 1286 1875 est
1309 1843 1498 1885 subductus,

1048 1890 1114 1923 Sed
1141 1890 1266 1924 Judeae
1288 1893 1408 1933 populo

1098 1942 1188 1973 ortus
1215 1940 1279 1973 fuit
1302 1942 1419 1974 luctus.

1048 1987 1190 2022 Effluxit
1214 2000 1234 2023 a
1258 1991 1396 2032 parvulo

1099 2047 1171 2071 cum
1199 2040 1322 2072 cruoris
1347 2038 1475 2074 fluctus.

964 2098 1020 2132 39.
1050 2097 1111 2137 Qui
1139 2098 1215 2130 olim
1240 2098 1444 2137 nubeculam,

1096 2146 1199 2189 virgo,
1223 2150 1256 2180 te
1282 2148 1439 2187 ascendit,

1045 2194 1190 2237 Fugiens
1213 2197 1418 2238 vulpeculam

1096 2245 1130 2277 in
1155 2245 1320 2288 Memphis
1345 2247 1495 2283 tetendit,

1050 2294 1149 2335 Cujus
1175 2296 1217 2329 ad
1242 2295 1446 2337 plebeculam

1096 2353 1238 2377 amorem
1265 2345 1421 2383 extendit,

1048 2394 1183 2435 Quando
1210 2394 1273 2427 sibi
1296 2395 1440 2437 regulam

1097 2441 1176 2477 fidei
1202 2445 1354 2479 ostendit.
