1656 2674
754 81 1019 119 —183-

724 246 772 278 55.
812 245 990 278 Rosarium.
1013 245 1041 277 5.

234 417 241 424 .
269 390 373 431 Quem
398 401 495 425 sacra
517 394 683 426 volumina

318 441 449 482 signant
477 442 724 483 prophetarum,

269 488 402 522 Tollere
428 490 617 531 peccamina

317 538 462 579 gentium
490 542 690 582 cunctarum,

268 585 358 619 Huic
385 587 635 628 congregamina

320 635 468 676 plebium
493 645 625 668 suarum

273 681 403 716 Canunt
425 684 621 724 jubilamina

318 733 351 764 in
380 732 433 764 die
458 733 653 774 palmarum.

234 834 241 842 .
271 807 331 841 Cui
356 809 597 849 Jerosolymam

320 858 398 890 olim
425 858 580 901 venienti,

268 906 334 939 Per
357 906 484 947 pullum
512 908 545 937 et
570 907 696 939 asinam

317 956 398 987 illuc
427 963 464 986 se
488 953 619 996 ferenti,

269 1003 383 1036 Turba
408 1003 499 1035 venit
523 1003 653 1036 obviam

318 1052 416 1085 modo
444 1052 638 1084 condecenti

271 1100 480 1133 Concinendo
505 1100 643 1141 gloriam

318 1149 418 1182 laudo
444 1150 652 1189 competenti.

237 1255 243 1261 .
272 1226 331 1260 Cui
356 1227 474 1259 turbae
499 1227 704 1267 sequentium

321 1277 480 1309 Hosanna
505 1275 700 1314 clamabant,

269 1324 408 1364 Quidam
435 1332 542 1356 ramos
565 1324 720 1356 arborum

316 1374 350 1406 in
376 1373 463 1404 viam
489 1371 665 1413 ponebant,

271 1421 318 1454 Hi
345 1422 495 1454 decorem
519 1422 659 1453 vestium

317 1471 383 1511 ipsi
407 1470 669 1511 substernebant,

270 1518 410 1558 Quidam
433 1518 655 1551 testimonium

319 1568 485 1609 signorum
513 1567 676 1601 dicebant.

235 1671 241 1678 .
270 1644 381 1688 Quem,
409 1655 483 1677 cum
508 1645 552 1676 sit
576 1654 635 1678 rex
661 1645 795 1689 gloriae,

319 1694 509 1735 angelorum
535 1697 646 1726 coetus

269 1741 410 1784 Hymnis
435 1740 617 1775 multifarie

322 1791 438 1824 laudat
464 1791 563 1823 corde
588 1792 705 1831 laetus,

270 1839 365 1872 Pullo
392 1840 511 1872 sedens
538 1840 649 1872 asinae

318 1888 420 1921 veluti
446 1892 634 1921 mansuetus

269 1936 369 1970 Venit
395 1937 473 1970 Sion
499 1936 587 1970 filiae

318 1985 423 2019 multa
447 1986 547 2019 laude
573 1986 687 2019 fretus.

235 2089 241 2096 .
271 2063 332 2097 Cui
356 2064 451 2104 plebs
479 2073 550 2096 cum
577 2064 729 2097 laudibus

320 2113 398 2147 olim
425 2112 581 2153 obviavit,

267 2162 372 2195 Asino
398 2162 552 2195 humilius

317 2211 433 2245 urbem
460 2220 530 2245 cum
557 2210 705 2254 intravit,

266 2259 417 2294 Honores
443 2260 594 2293 devotius

316 2310 382 2351 ipsi
406 2310 611 2351 acclamavit,

266 2358 362 2392 Veris
389 2368 499 2401 regem
525 2359 659 2392 vocibus

315 2408 421 2441 Israel
445 2408 603 2444 narravit.

941 396 971 428 6.
1001 394 1060 427 Cui
1085 394 1200 426 laudes
1225 393 1358 427 vocibus

1050 443 1176 475 sonoris
1205 451 1366 481 canamus,

998 491 1133 531 Quando
1161 500 1233 523 cum
1257 489 1431 531 gemitibus

1050 539 1162 579 culpas
1187 539 1372 577 recitamus

1002 587 1067 620 Sed
1092 596 1199 620 ramos
1223 588 1258 620 in
1283 586 1433 619 manibus

1048 636 1231 676 palmarum
1256 640 1436 676 portamus,

1002 683 1148 724 Corpora
1174 693 1246 716 cum
1272 685 1379 716 acrius

1049 735 1164 765 nostra
1190 733 1395 773 castigamus.

941 811 972 844 7.
1001 809 1059 843 Cui
1085 813 1193 842 vestes
1220 809 1455 842 substernimus

1050 860 1083 889 et
1106 858 1213 898 ipsum
1238 858 1420 896 laudamus

1002 905 1081 939 Cum
1107 906 1175 946 ejus
1200 906 1399 947 pauperibus

1050 955 1168 995 stipem
1193 963 1360 996 erogamus

1001 1003 1152 1036 Floribus
1184 1003 1380 1036 occurrimus

1051 1053 1082 1083 et
1108 1051 1195 1084 hunc
1219 1052 1413 1084 honoramus

1000 1099 1149 1132 Diversis
1176 1099 1353 1133 virtutibus

1050 1149 1180 1188 quando
1205 1157 1264 1180 nos
1290 1156 1454 1181 ornamus.

943 1227 973 1260 8.
1003 1225 1102 1265 Cujus
1128 1224 1288 1258 beneficia

1049 1276 1158 1306 mente
1184 1274 1366 1307 recolamus

1003 1322 1185 1364 Gordisque
1212 1322 1394 1355 constantia

1053 1373 1162 1411 grates
1188 1370 1380 1411 referamus,

1005 1419 1084 1452 Cum
1110 1424 1226 1453 sancta
1252 1419 1392 1453 ecclesia

1051 1468 1136 1500 hunc
1162 1469 1392 1501 benedicamus

1003 1516 1062 1551 Cui
1087 1517 1122 1549 in
1148 1518 1297 1559 angustia

1051 1565 1147 1608 adsit,
1176 1575 1356 1599 exoramus.

942 1646 973 1678 9.
1003 1644 1104 1684 Quem
1129 1653 1238 1686 regem
1265 1648 1298 1676 et
1324 1644 1488 1678 dominum

1050 1695 1199 1725 nostrum
1222 1692 1425 1735 profitemur,

1005 1741 1084 1774 Cum
1112 1745 1300 1774 nostrorum
1326 1742 1498 1775 criminum

1052 1788 1175 1822 fascem
1202 1789 1403 1829 confitemur,

1002 1838 1050 1872 Ut
1073 1842 1151 1879 post
1174 1840 1263 1872 vitae
1287 1839 1462 1873 terminum

1050 1896 1111 1928 per
1136 1889 1224 1920 hunc
1251 1897 1454 1933 coronemur,

1002 1937 1083 1971 Cum
1110 1936 1217 1970 choris
1245 1937 1432 1970 coelestium

1052 1986 1149 2018 simul
1171 1986 1400 2027 jucundemur.

919 2064 974 2098 10.
1003 2063 1064 2104 Qui
1089 2062 1181 2097 flevit
1208 2064 1370 2097 excidium

1055 2116 1189 2146 sanctae
1216 2114 1368 2151 civitatis,

1005 2161 1166 2194 Futurum
1192 2162 1233 2195 ob
1261 2163 1375 2195 vitium

1052 2219 1130 2243 suae
1156 2211 1334 2255 caecitatis,

1000 2259 1054 2293 Ex
1078 2267 1135 2291 ore
1159 2259 1334 2293 infantium

1050 2308 1121 2342 sive
1144 2310 1299 2351 puritatis

1000 2356 1146 2391 Perfecit
1171 2359 1381 2400 praeconium

1049 2416 1127 2440 suae
1153 2408 1295 2443 deitatis
