1656 2674
740 93 1006 130 —139—

199 192 256 225 13.
282 188 343 234 Ne,
372 200 500 232 quaeso,
530 192 702 236 despicias,

332 240 449 273 Dulcis
474 249 492 272 o
516 240 636 280 Maria,

282 288 341 322 Me
365 289 453 321 inter
478 288 644 330 angustias

334 337 428 370 Tunc
453 340 486 369 et
511 338 637 379 agonia,

285 385 351 419 Sed
376 386 466 427 pelle
496 386 655 418 versutias

335 434 538 467 Daemonum
565 444 585 466 a
608 435 673 478 via,

288 482 378 516 Coeli
404 482 447 515 ad
477 482 611 515 delicias

335 531 411 564 Duc
433 540 496 572 me,
522 531 615 572 virgo
640 532 706 571 pia.

200 590 260 624 14.
289 586 315 624 Ο
345 589 576 630 depositorium

336 637 476 671 Sanctae
500 637 669 679 trinitatis,

285 687 393 720 Tenes
421 685 635 718 diversorium

337 734 427 767 Coeli
453 743 525 766 cum
552 734 666 776 beatis,

286 784 441 816 Praestes
467 783 666 823 adjutorium

337 831 428 864 Tuae
451 831 585 872 pietatis

287 880 361 920 His,
389 889 469 920 quos
494 881 719 921 purgatorium

336 928 436 961 Punit,
460 937 521 969 pro
547 929 703 969 peccatis.

204 987 260 1022 15.
287 984 468 1021 Paradisus
494 985 613 1018 diceris

339 1035 409 1076 Qua
436 1034 608 1067 deliciatur

287 1083 361 1117 Rex
387 1092 526 1124 regnans
550 1083 585 1114 in
610 1084 748 1126 superiS,

336 1131 473 1172 Quando
498 1131 698 1172 incarnatur,

287 1180 327 1213 In
352 1183 385 1212 te
409 1179 504 1212 nobis
529 1179 657 1211 miseris

339 1228 552 1261 Consolamen
580 1228 686 1269 datur,

283 1276 329 1310 Et
353 1276 482 1317 peccati
507 1276 627 1308 veteris

333 1325 444 1357 Poena
468 1324 645 1357 relaxatur.

200 1385 257 1420 16.
286 1381 465 1423 Quaerenti
489 1385 532 1423 te,
561 1382 700 1426 domina,

335 1431 472 1472 Appare
497 1431 637 1471 benigne

284 1477 358 1513 Tua
382 1488 511 1520 semper
537 1479 682 1512 carmina

334 1528 511 1563 concinam
536 1531 574 1559 ut
600 1528 706 1570 digne,

285 1576 416 1610 Praebe
441 1576 662 1609 consolamina

333 1626 439 1659 Tuum
465 1624 506 1657 ob
531 1625 661 1666 insigne

282 1674 411 1708 Nomen
436 1676 575 1714 propter
601 1673 739 1707 crimina

335 1722 486 1755 Detentis
512 1723 546 1755 in
571 1722 656 1763 igne,

198 1787 257 1819 17.
286 1779 490 1822 Reparatrix
513 1780 638 1822 gratiae

334 1829 491 1863 Perditae
514 1837 574 1870 per
598 1828 714 1873 Evam,

284 1879 407 1920 Legem
432 1877 628 1910 temerantia

335 1928 550 1968 Linquentem
576 1926 789 1967 primaevam,

284 1977 397 2010 Vitam
421 1984 527 2008 meam
553 1974 678 2017 gloriae

335 2025 469 2066 Repara
495 2025 725 2067 grandaevam,

283 2075 336 2109 Ne
357 2073 567 2115 judiciariter

333 2123 467 2156 Statuar
493 2122 535 2154 ad
562 2122 700 2156 laevam.

197 2183 256 2218 18.
283 2178 405 2222 Stirps,
432 2189 516 2222 quae
540 2178 649 2212 defers
674 2178 831 2212 coelicum

330 2230 420 2264 Huic
443 2229 565 2262 mundo
591 2227 716 2270 florem,

284 2280 345 2321 Qui
370 2281 521 2321 praestat
545 2276 729 2311 salvificum

333 2328 470 2362 Devotis
496 2328 642 2371 odorem,

907 398 964 432 19.

907 794 963 827 20.

907 1188 964 1222 21.

907 1586 965 1618 22.

909 1984 965 2019 23.

991 193 1164 235 Supprime
1186 191 1369 226 tristificum

1036 242 1277 280 Insidiatorem,

990 291 1095 323 Tuum
1118 291 1172 332 qui
1196 299 1249 322 me
1273 290 1450 331 plurimum

1039 338 1165 372 Turbat
1189 339 1401 372 laudatorem.

992 394 1043 431 Tu
1068 396 1314 429 misericordiae

1039 444 1175 486 Umbra,
1203 453 1286 486 quae
1310 443 1452 477 furorem

991 493 1169 534 Temperas
1191 493 1338 534 J'ustitiae

1040 542 1125 575 Solis
1151 551 1190 574 ac
1214 544 1383 582 terrorem,

990 590 1088 622 Meae
1111 590 1329 631 negligentiae

1040 638 1224 680 Mentisque
1248 642 1395 678 teporem

990 685 1096 719 Aufer
1121 687 1302 728 sapientiae

1039 735 1102 767 Dei
1126 744 1188 778 per
1212 743 1365 768 amorem.

991 789 1109 826 Vellus
1135 792 1365 832 Gedeonicum,

1040 840 1173 882 Signum
1200 841 1281 873 dans
1305 840 1474 881 invictum,

994 889 1137 931 Gignens
1163 893 1253 921 tuum
1277 889 1417 929 unicum,

1039 938 1059 972 J
1063 946 1150 969 esum
1176 938 1394 979 benedictum,

993 986 1095 1020 Omne
1120 985 1173 1018 fac
1198 995 1250 1018 me
1276 985 1437 1017 lubricum

1040 1034 1086 1067 Et
1110 1042 1204 1067 omne
1230 1034 1383 1067 delictum

991 1083 1120 1123 Fugere
1146 1085 1179 1115 et
1202 1083 1359 1122 impetum

1039 1131 1153 1164 Hostis
1178 1130 1398 1163 maledictum.

991 1185 1155 1223 Xristiani
1178 1188 1291 1229 populi

1040 1236 1164 1268 Alitrix
1191 1236 1342 1277 benigna,

992 1284 1095 1325 Quam
1121 1285 1311 1317 collaudant
1335 1284 1454 1327 angeli,

1042 1332 1178 1374 Semper
1198 1333 1297 1365 laude
1324 1332 1431 1373 digna,

994 1381 1116 1414 Contra
1140 1380 1289 1414 fraudem
1314 1381 1423 1414 zabuli

1043 1429 1146 1462 Cruce
1169 1439 1227 1462 nos
1255 1430 1419 1471 consigna,

993 1478 1104 1512 Omnis
1131 1487 1256 1519 quoque
1282 1478 1430 1510 scandali

1041 1524 1183 1559 Auferas
1206 1527 1358 1567 maligna.

992 1581 1100 1619 Yesse
1124 1585 1218 1626 virga
1241 1583 1371 1625 fertilis,

1040 1632 1199 1666 Fructum
1225 1632 1334 1665 ferens
1360 1632 1490 1673 mirum,

991 1681 1133 1715 Redolet
1155 1682 1322 1715 miraculis

1042 1729 1103 1769 Qui
1130 1739 1191 1772 per
1214 1730 1328 1763 mundi
1353 1738 1481 1771 gyrum,

993 1778 1149 1812 Precibus
1175 1788 1228 1811 me
1253 1778 1376 1811 sedulis

1040 1827 1165 1860 Releva
1193 1827 1332 1860 delirum

991 1875 1193 1916 Depreswum
1217 1876 1347 1908 insidiis

1041 1924 1106 1957 Per
1130 1924 1298 1958 inimicum
1326 1924 1443 1957 dirum.

993 1979 1110 2017 Zelum
1135 1984 1198 2017 Dei
1223 1983 1365 2023 impetra

1044 2031 1130 2065 Mihi
1155 2041 1215 2073 per
1242 2032 1406 2064 dictamen

991 2080 1074 2120 Hoc,
1103 2082 1190 2122 quod
1215 2081 1313 2114 tollat
1337 2080 1464 2113 scelera

1040 2129 1227 2171 Mentisque
1250 2130 1425 2170 liquamen,

991 2177 1099 2211 Ducat
1125 2188 1185 2220 per
1210 2179 1330 2211 itinera

1041 2226 1089 2260 Et
1111 2227 1192 2271 legis
1216 2228 1368 2270 ligamen,

994 2275 1150 2309 Sublevet
1175 2277 1218 2310 ad
1244 2277 1355 2309 sidera

1039 2329 1115 2367 post
1139 2326 1225 2359 hanc
1248 2326 1360 2359 vitam.
1411 2326 1531 2359 Amen.

275 2397 357 2426 Orat.
379 2405 433 2424 ms.
450 2396 637 2433 Tegurinum
658 2404 735 2424 saec.
759 2392 804 2423 15.
821 2393 895 2422 Cim.
909 2394 1029 2422 Monac.
1053 2390 1154 2422 19824
1173 2393 1224 2422 fol.
1247 2391 1285 2421 59
1308 2402 1335 2420 a.
1355 2392 1390 2421 A.
1413 2407 1453 2414 --
1471 2392 1555 2421 Orat.

193 2447 250 2467 ms.
270 2437 458 2474 Tegurinum
477 2443 556 2464 saec.
581 2434 625 2463 15.
649 2435 723 2464 Clm.
745 2434 863 2462 Monac.
889 2431 990 2463 19353
1011 2433 1062 2461 fol.
1084 2430 1122 2461 36
1145 2442 1164 2461 a
1184 2434 1220 2462 B.
