1656 2674
679 91 947 126 —142—

141 190 203 223 23.
229 186 325 223 Zima
349 189 437 228 pelle
461 188 597 226 scoriae,

277 236 366 275 Quae
389 236 489 268 menti
516 234 682 267 fuscamen

225 285 349 325 Ingerit
375 286 406 315 et
432 283 557 323 gratiae

273 330 393 363 Aufert
421 331 635 371 consolamen,

931 187 956 219 O
982 183 1231 217 misericordiae

978 233 1098 274 Mater,
1126 232 1184 263 des
1206 231 1371 270 juvamen,

931 280 1067 320 Quando
1092 287 1145 311 me
1170 278 1339 319 angustiae

977 328 1097 361 Mortis
1122 329 1283 367 prement.
1334 327 1452 360 Amen.

220 417 302 444 Orat.
319 425 372 444 ms.
389 417 590 452 Tegrinsense
604 424 678 443 saec.
705 413 750 443 15.
766 414 840 442 Clm.
853 415 973 442 Monac.
996 411 1032 441 19
1041 411 1101 441 824
1120 413 1172 441 fol.
1194 410 1229 440 61
1252 421 1280 440 a.
1294 412 1329 439 A.
1350 428 1390 432 —
1410 412 1494 441 Orat.

140 465 196 485 ms.
216 456 417 491 Tegrinsense
437 463 515 482 saec.
538 453 584 482 15.
610 453 683 481 Olm.
704 454 823 481 Manae.
846 450 956 481 19:353.
976 452 1027 480 fol.
1049 450 1084 480 37
1108 452 1127 480 b
1149 452 1183 480 B.

638 564 691 597 43.
733 564 947 597 Abecedarius
971 565 999 597 3.

168 668 202 702 1.
228 663 439 700 Admiranda
463 663 585 697 femina

278 713 435 748 Omnibus
459 717 534 754 post
558 713 675 756 Deum,

228 764 331 805 Quam
352 763 418 794 ista
441 771 503 803 per
529 762 675 795 carmina

277 811 404 852 Satagit
430 820 486 843 cor
507 819 615 843 meum

229 860 402 897 Venerari.
430 860 567 892 crimina

279 908 356 941 Sive
381 909 402 942 J
404 908 578 941 ebusaeum

229 958 321 990 Pelle
345 965 407 997 per
431 957 620 997 precamina

281 1006 354 1038 Tua
377 1006 538 1038 mundans
565 1014 647 1037 eum.

170 1066 205 1098 2.
232 1061 327 1098 Bona
350 1066 466 1104 mater,
493 1063 600 1095 exeita

278 1112 426 1145 Mentem
452 1115 485 1144 te
509 1112 678 1151 colentem,

230 1162 371 1202 Propter
396 1170 457 1192 sua
482 1160 593 1193 debita

281 1209 438 1249 Turpiter
462 1211 658 1249 torpentem.

234 1258 361 1291 Reboet
386 1261 424 1289 ut
447 1257 566 1288 merita

279 1306 350 1338 Tua
377 1314 436 1347 per
460 1309 667 1346 praesentem

233 1354 361 1387 Stilum.
388 1358 445 1387 tua
468 1353 584 1385 inclita

279 1403 382 1436 Prece
406 1402 617 1443 indigentem.

171 1463 204 1495 3.
234 1457 370 1494 Causam
395 1459 458 1491 'tibi
481 1459 632 1500 primitus

281 1509 401 1549 Populi
427 1508 590 1540 credentis

232 1557 428 1592 Commendo
453 1556 642 1589 medullitus

281 1607 390 1647 Atque
414 1605 490 1637 nisu
514 1605 642 1637 mentis.

236 1654 351 1687 Gentis
377 1653 471 1686 aufer
495 1654 625 1694 penitus

280 1703 376 1735 Bella
400 1702 626 1743 persequentis

235 1751 307 1784 Nec
330 1761 396 1784 non
420 1751 523 1784 hostis
547 1751 689 1791 impetus

282 1802 323 1834 In
347 1810 406 1833 nos
431 1800 640 1841 insurgentis.

172 1862 206 1894 4.
232 1856 363 1893 Deinde
383 1858 551 1890 humiliter

284 1908 359 1940 Tibi
385 1907 626 1950 recommendo,

234 1956 304 1989 Hos
330 1966 409 1997 quos
431 1956 621 1997 specialiter

285 2006 408 2037 Amare
432 2005 579 2044 intendo,

235 2053 382 2085 Maxime
408 2054 585 2086 carnaliter

283 2102 315 2133 A
341 2102 456 2142 quibus
485 2102 659 2143 descendo,

238 2149 294 2181 Ad
319 2159 399 2189 quos
423 2150 629 2191 integraliter

284 2197 447 2229 Affectum
472 2199 623 2231 extendo.

179 2254 212 2285 5.
238 2249 304 2292 Eja
327 2255 424 2286 modo
450 2255 596 2295 singulae

288 2301 383 2333 Vires
409 2303 518 2334 cordis
543 2303 618 2337 mei.

239 2348 418 2381 Personate
441 2350 554 2381 sedule

288 2395 419 2428 Laudes
443 2398 558 2429 matris
584 2398 659 2431 Dei.

934 666 1035 699 Omne
1060 674 1119 698 vos
1143 664 1310 697 turbabile

983 714 1200 748 Committatis
1218 714 1258 752 ei,

935 763 1022 795 Nam
1042 763 1167 795 resistit
1194 761 1292 795 facile

981 812 1096 844 Hostis
1122 811 1236 844 rabiei.

900 895 907 902 .
934 866 1141 909 Florescens7
1169 878 1187 901 o
1211 869 1350 910 virgula.

984 917 1117 950 Florem
1142 917 1384 951 admirandum.

938 966 1053 999 Omnia
1077 975 1139 1007 per
1164 967 1295 998 saecula

989 1014 1120 1047 Cunctis
1147 1014 1369 1047 venerandum

934 1063 1088 1096 Membra
1111 1072 1185 1095 mea
1209 1064 1337 1105 singula

982 1112 1099 1145 Flecto
1125 1112 1167 1144 ad
1194 1112 1396 1144 laudandum

935 1160 992 1199 Te„
1018 1164 1055 1192 ut
1080 1169 1179 1201 prece
1203 1160 1321 1193 sedula

985 1209 1106 1241 Natum
1131 1210 1253 1241 reddas
1278 1209 1449 1242 blandum.

900 1292 908 1299 .
939 1263 1062 1309 Gaude,
1089 1267 1181 1308 virgo
1207 1265 1335 1310 florida,

982 1315 1094 1347 Mater
1118 1316 1215 1356 hujus
1240 1314 1342 1348 floris.

933 1363 1119 1396 Excitantis
1145 1364 1260 1405 tepida

986 1412 1094 1445 Corda
1118 1413 1153 1445 vi
1177 1413 1299 1446 odoris.

934 1460 1057 1494 Nostra
1084 1461 1189 1502 culpis
1215 1460 1339 1502 frigida

983 1510 1117 1542 Fraude
1143 1510 1326 1550 deceptoris

934 1557 1064 1589 Virtute
1091 1558 1259 1591 consolida

982 1605 1095 1637 Dii-ini
1120 1607 1251 1641 amous,

901 1692 908 1697 .
934 1660 1022 1697 Hinc
1045 1666 1079 1696 te
1103 1664 1323 1697 venerabilem

985 1712 1157 1752 Deprecor
1180 1713 1337 1757 reginam,

935 1761 1041 1795 Tuam
1065 1770 1126 1801 per
1148 1762 1350 1794 laudabilem

984 1810 1115 1843 Prolem
1140 1819 1179 1842 ac
1205 1810 1348 1843 ditinam

937 1858 1045 1900 Abige
1068 1858 1261 1891 horribilem

986 1907 1129 1940 Lar-vam
1154 1908 1348 1942 sataninam.

941 1955 994 1988 Ne
1018 1965 1070 1988 me
1094 1956 1204 1989 trahat
1228 1955 1374 1989 flebilem

987 2005 1108 2037 Mortis
1132 2005 1167 2037 in
1192 2006 1328 2038 ruinam.

907 2089 914 2097 .
941 2059 982 2097 In
1007 2068 1041 2095 te
1068 2072 1198 2096 carnem
1222 2064 1330 2097 induit

990 2112 1224 2146 Universitatis

942 2161 1025 2194 Rex.
1054 2171 1125 2194 cum
1151 2171 1213 2203 per
1237 2165 1270 2193 te
1295 2162 1424 2195 transiit

991 2212 1125 2244 Portam
1149 2211 1315 2253 puritatis,

941 2258 1098 2292 Ezechiel
1123 2260 1230 2292 innuit

989 2307 1036 2340 Ut
1058 2317 1120 2349 per
1145 2309 1277 2342 modum
1301 2310 1398 2350 vatis.

943 2354 1012 2394 Qua
1039 2361 1071 2388 et
1097 2358 1218 2389 nostris
1244 2358 1345 2390 subiit

990 2404 1135 2437 Poenam
1159 2415 1221 2445 pro
1247 2408 1405 2446 peccatis,
