1656 2674
700 107 968 143 —127—

179 199 213 234 6.
240 196 356 234 Fletus
382 201 510 235 intuere
947 208 1075 242 Pressis
1102 208 1215 241 exsilio

290 252 324 281 te
349 247 576 292 flagitantium,
995 257 1030 289 in
1055 257 1136 290 loeis
1163 256 1284 290 exteris

242 296 281 329 In
307 298 421 330 mundi
445 298 598 333 fluctibus
946 305 992 338 Et
1015 306 1197 346 purgatorii

289 346 359 387 jam
382 347 659 391 naufragantium,
995 354 1093 386 tentis
1119 355 1153 387 in
1178 353 1332 387 tenebris,

239 394 303 428 His
328 398 405 427 tuae
430 397 556 438 gratiae
1260 432 1266 438 .

289 444 415 485 praebe
438 446 599 486 solatium,
862 431 917 464 12.
948 428 1042 465 Mens
1067 440 1140 464 mea
1164 434 1324 473 premitur

240 493 280 526 In
304 493 386 525 coeli
412 497 528 535 postea
994 480 1090 534 graYi,
1110 481 1221 535 infmia

293 541 415 574 ducens
441 543 611 584 palatium.
946 528 986 560 1¹²
995 529 1306 610 Osbmgffissussaedia

181 619 213 654 ¹7.
242 616 434 655 Gaudenter
460 620 583 662 jubilas
946 624 1006 657 Cui
1031 625 1065 656 ni
1091 625 1264 658 subvenias
1309 601 1316 617 ³

292 678 356 709 quo
382 671 602 712 aeternaliter,
992 677 1164 714 praestans
1190 673 1345 715 remedia,

240 718 473 758 Contemplans
498 718 616 751 faciem
945 722 1055 755 Paene
1080 722 1297 763 submergitur

288 766 352 799 Dei
378 768 522 808 realiter,
993 770 1082 810 turpi
1109 771 1232 804 acedia.

237 815 277 847 In
303 824 367 856 quo
392 815 535 849 afficeris
1277 848 1283 854 .

286 863 500 899 ineffabiliter
860 849 916 882 13.
938 844 1177 889 Nonnunquam
1203 848 1340 881 solvitur

990 896 1236 933 incontinentia,

942 944 1075 978 Ventris
1100 945 1243 986 ingluvie

994 996 1026 1024 et
1051 994 1199 1033 avaritia,

235 913 322 946 Prae
348 915 471 947 sanetis
497 914 645 947 omnibus

290 964 323 994 et
347 963 485 996 multum
511 963 607 996 aliter

177 1040 209 1074 8.
237 1036 345 1080 Hujus
370 1042 550 1082 participes
942 1042 1106 1075 Fraterno
1130 1042 1207 1075 odio

286 1087 341 1121 fac
367 1098 438 1122 esse
464 1089 576 1131 gaudii
992 1098 1053 1122 nee
1077 1099 1141 1123 non
1167 1090 1302 1130 invidia,

239 1137 400 1170 Canentes
427 1139 540 1171 titulos
943 1138 1018 1170 Non
1043 1138 1148 1171 minus
1175 1141 1319 1171 attamen

287 1186 336 1218 tui
361 1188 539 1227 praeconii,
993 1186 1081 1219 volat
1100 1187 1263 1229 superbia.

237 1233 359 1290 0⁰¹¹f5³²⁶
383 1236 578 1291 etssfaffiam
859 1265 915 1299 14.
947 1261 971 1299 0
996 1265 1092 1297 nimis
1118 1264 1227 1298 flebile

235 1285 538 1367 Affflztssufflsslibus
993 1314 1089 1346 chaos
1118 1315 1351 1358 peccaminum,

284 1382 319 1414 in
370 1359 526 1415 ur⁰at0ffi
941 1363 1131 1396 Perducens
1155 1364 1317 1396 hominem

345 1391 366 1422 Ρ
409 1392 429 1424 g
531 1408 537 1414 ”
991 1411 1025 1443 in
1053 1413 1289 1451 exterminium,

180 1460 213 1494 9.
237 1456 484 1494 Inaestimabile
942 1461 981 1494 In
1008 1469 1070 1501 quo
1096 1461 1233 1494 solabile

287 1509 411 1543 Christi
437 1510 627 1550 triclinium,
990 1509 1036 1541 nil
1062 1519 1166 1551 neque
1192 1510 1356 1552 gaudium,

239 1558 333 1597 Quod
357 1568 522 1600 nunquam
548 1558 682 1599 aliquod
942 1558 1008 1591 Sed
1033 1558 1205 1592 indicibile

289 1605 437 1639 foedavit
464 1608 588 1647 vitium,
990 1607 1074 1649 ignis
1099 1608 1294 1641 incendium.

239 1655 526 1696 Peregrinantibus

859 1680 915 1715 15.
935 1673 1034 1714 Proh
1062 1679 1165 1720 dolor,
1193 1680 1330 1721 gemitus

991 1729 1060 1760 sive
1086 1729 1290 1769 compunctio

941 1776 1088 1817 Reliquit
1112 1778 1266 1809 miserum

991 1834 1051 1865 pro
1077 1833 1134 1858 suo
1160 1826 1251 1865 vitio,

290 1705 359 1735 esto
384 1703 571 1745 hospitium,

239 1751 334 1784 Salus
362 1751 525 1785 debilibus

288 1803 321 1833 et
345 1801 479 1834 moestis
505 1801 668 1842 gaudium.

152 1874 209 1910 10.
237 1871 333 1909 Kara
356 1874 400 1906 mi
432 1875 564 1908 domina
943 1873 1025 1913 Quia
1048 1882 1110 1906 nec
1134 1875 1304 1906 criminum

287 1932 369 1964 prae
395 1923 492 1956 rebus
519 1922 668 1956 omnibus
993 1925 1041 1954 est
1067 1923 1246 1964 recognitio

237 1974 319 2007 Post
341 1972 448 2005 Deum
474 1972 603 2005 saeculo
943 1971 989 2004 Et
1014 1971 1062 2003 sic
1087 1981 1147 2013 per
1173 1981 1372 2012 consequens

284 2021 546 2062 inexistentibus,
992 2028 1053 2052 nec
1078 2019 1269 2054 satisfactio.

234 2071 293 2105 Me
316 2074 382 2137 fuis
407 2075 544 2127 PrOtege
855 2093 912 2128 16.
940 2091 1103 2133 Quorsum
1127 2103 1180 2126 me
1203 2094 1303 2135 igitur

285 2121 488 2176 Olfftionlbus
994 2146 1180 2176 convertam
1206 2143 1370 2185 miserum,

231 2171 264 2204 A
284 2170 381 2226 ,ΜΨ
396 2170 536 2226 εΠῙῨάΟῙθ
941 2191 1142 2232 Depressum
1167 2192 1313 2233 pondere

281 2219 525 2253 ms¹d¹ant¹bus·
990 2243 1154 2274 tantorum
1180 2241 1350 2285 scelerum,

148 2293 205 2329 11.
233 2291 361 2330 Lumen
386 2293 559 2327 mirificum
940 2289 984 2322 Ni
1010 2289 1053 2322 ad
1079 2292 1122 2331 te,
1150 2290 1259 2323 nobile

282 2343 460 2384 splendens
489 2344 530 2377 de
557 2343 695 2384 superis,
989 2338 1104 2372 mundi
1132 2339 1293 2377 solatium,

231 2391 361 2427 Praebe
386 2393 540 2426 solatium
943 2388 1087 2431 &ignens
1113 2387 1276 2421 vivificum

283 2441 461 2474 clementer
487 2441 628 2480 miseris,
989 2437 1084 2471 nobis
1110 2437 1300 2473 remedium.
