1656 2674
125 133 182 167 17.

126 438 180 472 18.
208 439 290 480 Ave,
316 444 441 469 summa
465 434 558 477 prole
583 433 682 474 foeta,
826 432 883 464 20.

126 861 184 896 21.

133 1171 191 1204 22.

132 1481 191 1514 23.

133 1790 190 1823 24.

131 2101 188 2134 25.

661 29 928 65 -154—

210 133 292 174 Ave,
322 132 463 164 candens
489 132 522 161 et
547 129 699 160 decorum
826 126 884 159 19.

259 179 428 213 Castitatis
452 176 568 215 lilium,

211 228 235 261 Ο
262 228 405 260 solamen
430 225 623 256 miserorum

257 275 345 307 Fons
369 274 527 305 virtutum
550 270 702 311 omnium,

210 323 384 356 Consolare
406 320 599 354 famulorum

260 369 367 403 Corda
389 369 486 402 modo
512 367 664 400 tristium.

259 485 284 518 Ο
311 484 460 518 coelestis
485 483 622 524 virgula,

210 534 273 567 Per
298 541 392 574 quam
417 530 530 564 mundi
558 533 634 563 sunt
659 529 767 562 deleta

245 581 458 615 Peccatorum
483 578 606 619 nubila,

210 629 309 664 Unde
333 629 450 670 gaudio
476 627 613 669 impleta

255 677 398 710 Exstant
423 679 495 709 aevi
520 675 659 708 saecula.

768 780 833 814 III.

210 862 294 901 Ave,
321 860 422 902 virgo,
450 860 501 892 cui
525 859 653 893 sincere
832 858 891 891 26.

261 908 442 950 Cordisque
467 907 651 941 constantia

215 957 430 999 symphonias
456 956 563 989 laudis
589 965 699 989 merae

262 1005 408 1039 Resonat
433 1005 581 1049 ecclesia,

216 1055 255 1087 In
280 1058 447 1086 aeternum
473 1052 527 1086 fac
552 1053 675 1086 habere

263 1102 333 1135 Nos
358 1105 416 1134 tua
439 1102 611 1137 consortia,

218 1172 300 1211 Ave,
327 1170 429 1210 virgo,
458 1169 540 1201 coeli
567 1168 667 1201 clavis
832 1168 887 1200 2¹7.

265 1218 368 1250 <Iustis
394 1217 591 1253 reserabilis,

215 1266 308 1299 Nulli
333 1267 415 1299 dura
439 1266 497 1298 sed
523 1266 631 1298 suavis

266 1313 396 1346 Cunctis
424 1316 456 1346 et
481 1313 641 1352 amabilis,

216 1362 267 1395 Sis
294 1366 325 1394 et
350 1362 444 1394 nobis
470 1362 572 1395 servis
598 1362 710 1402 pravis

265 1410 414 1444 Clemens
440 1418 479 1442 ac
504 1410 687 1451 placabilis.

216 1479 298 1521 Ave,
326 1477 417 1519 virgo
445 1481 477 1509 et
503 1479 626 1519 virago,
833 1477 888 1509 28.

265 1526 375 1559 Imbre
399 1527 483 1559 almo
509 1526 631 1562 rorida,

219 1575 302 1607 Vitis
333 1575 428 1607 divae
453 1584 517 1615 qua
539 1583 686 1615 propago

268 1623 332 1656 Est
357 1631 471 1656 exorta
493 1621 622 1664 florida,

217 1671 312 1705 Adae
336 1680 396 1712 per
422 1681 517 1713 quam
544 1675 594 1703 est
616 1672 722 1713 imago

262 1720 430 1754 Medicata
455 1720 615 1753 morbida.

216 1790 300 1828 Ave,
326 1791 442 1829 mater,
468 1787 550 1820 uber
575 1788 662 1829 vitis,
833 1787 890 1820 29.

263 1836 384 1870 Botrus
410 1845 474 1878 qua
500 1836 674 1878 colligitur,

213 1886 268 1918 Ad
295 1894 388 1926 quem
413 1894 497 1926 pura
520 1893 612 1918 mens
636 1889 669 1917 et
684 1885 772 1918 mitis

262 1933 413 1967 Dulciter
438 1932 591 1974 afficitur,

216 1983 283 2023 Quo
311 1986 344 2015 et
368 1983 474 2015 animo
502 1983 650 2015 contritis

264 2031 369 2064 Venia
393 2031 605 2072 promittitur.

214 2100 297 2138 Ave,
324 2100 427 2140 virgo,
459 2099 510 2131 cui
534 2098 598 2131 soli
832 2098 889 2133 30.

264 2146 353 2180 Data
378 2151 428 2179 est
452 2145 648 2187 fecunditas,

214 2196 316 2236 Quam
341 2204 469 2237 quoque
493 2195 608 2237 regina
630 2195 701 2236 poli

264 2244 438 2277 Ordinavit
462 2244 604 2284 trinitas,

215 2294 307 2326 Tuae
331 2301 445 2325 sacrae
467 2292 583 2333 jungat
605 2291 693 2332 proli

265 2340 334 2373 Nos
360 2343 418 2372 tua
440 2339 636 2381 benignitas.

911 125 994 162 Ave,
1021 123 1127 154 mater
1152 119 1354 153 redimentis,

961 171 1044 210 Ave,
1069 171 1175 200 mater
1198 166 1329 208 millies,

911 219 975 251 Per
1000 220 1034 249 tc
1058 217 1162 250 hostis
1186 213 1420 255 persequentis

958 264 1157 307 Profugetur
1181 263 1292 296 rabies

911 314 957 347 Et
981 314 1015 345 in
1042 312 1186 346 tenebris
1213 311 1354 345 detentis

959 363 1159 396 Procuretur
1182 360 1323 402 requies.

910 431 993 469 Ave,
1018 429 1152 470 pietatis
1177 429 1286 469 plena,

958 479 1041 519 Ave,
1067 477 1167 519 plena
1191 476 1307 518 gratia,

909 527 1023 560 Mente
1050 526 1155 559 dulcis
1181 528 1215 557 et
1239 533 1356 558 serena

960 575 1162 615 Comptaque
1186 573 1372 614 prudentia,

909 623 977 657 Nos
1007 624 1050 657 ad
1077 624 1160 655 coeli
1187 623 1250 655 duc
1275 630 1415 655 amoena

959 672 1021 705 Dei
1049 671 1241 706 coniventia.

916 856 1001 897 Ave,
1027 856 1120 896 virgo
1146 855 1298 897 gloriosa,

965 904 1072 938 ‚Iubar
1098 903 1182 937 coeli
1206 903 1429 944 splendidum,

915 953 987 986 Tua
1009 953 1084 986 luce
1108 952 1243 986 radiosa

966 1002 1071 1036 Omne
1093 1002 1221 1042 pellens
1245 1000 1401 1041 luridum,

917 1050 1026 1084 Corda
1051 1051 1156 1083 lustra
1180 1049 1356 1082 tenebrosa.

964 1098 1127 1132 Mundum
1153 1106 1280 1140 quoque
1295 1096 1478 1129 turbidum-

915 1167 997 1205 Ave,
1027 1166 1121 1199 dulce
1147 1166 1354 1199 consolamen

965 1214 1023 1248 Pie
1048 1218 1081 1247 te
1105 1214 1319 1254 laudantium,

915 1263 1063 1304 Praesta,
1089 1266 1205 1303 mater,
1231 1262 1419 1295 relevamen

965 1312 1091 1351 Populo
1120 1311 1332 1354 credentium,

917 1359 1097 1393 Sustinenti
1125 1368 1300 1392 oneramen

965 1410 1030 1442 Per
1054 1417 1226 1449 pressuras
1252 1408 1403 1440 hostium.

916 1475 999 1516 Ave,
1027 1485 1123 1517 quam
1147 1477 1182 1509 in
1206 1476 1304 1517 hujus
1330 1475 1418 1508 freto

966 1523 1085 1557 Mundi
1110 1527 1208 1566 atque
1233 1523 1365 1557 turbine

916 1572 1119 1605 Veneramur
1145 1573 1245 1606 corde
1270 1572 1357 1605 laeto

964 1621 1115 1654 Laudum
1139 1622 1255 1655 harum
1282 1621 1438 1663 carmine,

918 1668 988 1702 Fac
1011 1670 1148 1703 inscribi
1169 1671 1205 1704 in
1231 1671 1364 1703 decreto

965 1718 1034 1751 Nos
1059 1719 1094 1751 in
1122 1719 1203 1752 coeli
1228 1719 1378 1752 culmine.

917 1785 999 1829 Ave,
1026 1787 1139 1820 mundi
1160 1787 1356 1828 imperatrix

968 1836 1131 1877 Chorique
1156 1836 1356 1876 coelestium,

917 1884 1118 1924 Protoplasti
1143 1885 1331 1926 reparatrix

967 1933 1032 1966 Per
1058 1933 1213 1966 dilectum
1233 1933 1348 1974 filium,

920 1981 971 2014 Sis
997 1982 1039 2014 ad
1066 1991 1181 2022 pacem
1206 1982 1394 2015 revocatrix

968 2030 1076 2063 Corda
1103 2030 1370 2064 discordantium.

916 2097 998 2135 Ave,
1025 2098 1115 2139 virgo
1142 2097 1338 2138 verecunda,

965 2146 1059 2179 Omni
1084 2154 1198 2178 carens
1225 2145 1369 2188 crimine,

916 2193 996 2226 Jesu
1022 2193 1151 2226 Christo
1183 2193 1319 2234 placens
1343 2192 1477 2233 munda,

965 2242 1069 2274 Plena
1095 2250 1188 2273 sacro
1213 2239 1355 2282 flamine,

915 2288 986 2322 Nos
1016 2288 1151 2321 absolve
1178 2288 1220 2322 de
1243 2289 1413 2329 profunda

965 2337 1143 2377 Culparum
1168 2338 1335 2379 voragine.
