1656 2674
731 87 970 124 ,71-

178 186 348 215 concordat
375 196 441 215 cum
463 186 574 224 hymno
597 187 682 214 C'ordc
701 192 782 215 natus
801 194 841 213 ex.
883 186 945 215 Ode
972 186 1086 215 dicolos
1114 185 1354 223 heptastrophos.
1393 186 1523 214 Metrum

178 226 366 254 trochaicum
398 225 659 255 archilochicum.“
712 225 840 254 Hierauf
865 226 915 254 (lie
938 225 1070 254 Melodie
1096 224 1138 260 (es
1164 226 1205 253 ist
1229 225 1278 253 die
1305 224 1357 253 des
1384 225 1523 261 Hymnus

179 265 276 294 Corde
295 268 386 294 natus
408 274 444 292 ex
465 266 609 301 pai-entis)
629 266 686 293 mit
705 264 887 300 unterlegter
908 266 1000 292 erster
1021 263 1149 300 Sti-ephe
1172 264 1206 291 A.

540 397 590 429 24.
622 396 849 430 Centinomium
869 396 989 429 Beaiae
1009 395 1164 437 Virginis.

674 480 851 513 Primae
876 479 1019 519 partis

291 556 516 593 Capitulum
538 557 705 593 primum.

205 616 237 649 1.
266 615 435 655 Quondam
460 615 494 647 in
521 615 638 648 cellula

313 663 418 696 noctis
445 664 597 696 excubias

264 713 459 745 Persolvens
484 712 635 752 Domino,

312 761 425 801 planxi
451 761 600 793 miserias

262 809 357 842 Meas
385 812 417 841 et
442 810 541 842 animi

314 857 604 901 concupiscentias,

265 907 383 947 Sicque
408 906 574 947 ingressus

313 964 383 987 sum
409 954 492 987 coeli
519 954 665 987 delicias.

203 1029 235 1063 2.
263 1027 442 1067 cujusdam
469 1026 603 1067 virginis

311 1075 359 1107 ibi
384 1074 523 1115 inspicio

262 1124 416 1156 Formam
443 1125 476 1154 et
498 1123 663 1155 schemate

311 1175 459 1204 ornatam
484 1172 585 1214 vario,

261 1222 315 1253 An
341 1224 435 1252 extra
461 1227 578 1260 corpus
604 1220 647 1251 sit

309 1269 390 1301 haec
416 1269 583 1308 revelatio,

257 1318 377 1352 Utrum
401 1319 435 1351 in
461 1325 606 1358 corpore,

307 1365 397 1399 Deus
422 1365 494 1407 scit,
521 1366 640 1398 nescio.

199 1440 231 1474 3.
258 1438 349 1479 Toga
376 1438 601 1478 corpusculum

307 1488 390 1519 texit
413 1495 590 1528 purpurea,

258 1537 360 1575 Quam
387 1539 418 1568 et
445 1534 662 1568 circumdedit

304 1593 387 1617 zona
412 1587 566 1625 argentea

256 1632 295 1665 In
321 1631 430 1666 fronte
454 1633 569 1665 micuit

307 1690 427 1714 corona
452 1690 551 1714 aurea

258 1730 346 1770 Quae
372 1730 445 1771 plus
472 1730 676 1770 resplenduit

308 1788 404 1819 quam
430 1777 488 1812 fax
514 1779 678 1812 aetherea.

196 1852 228 1888 4.
257 1852 324 1886 Sed
352 1861 423 1885 cum
448 1851 614 1894 infigerem

304 1904 398 1936 acute
423 1901 548 1934 lumina

254 1951 293 1982 In
318 1950 403 1984 hanc
430 1951 627 1992 coronulam,

305 2007 401 2039 quam
424 1999 501 2032 tulit,
527 2000 667 2044 domina,

254 2048 420 2090 Inscripta
445 2049 554 2090 reperi

301 2097 414 2138 ignota
438 2098 570 2131 uomina

252 2146 431 2188 Tamquam
456 2146 491 2180 in
516 2147 609 2180 silice

300 2196 354 2228 vel
376 2196 503 2237 plumbi
527 2196 659 2230 lamina.

189 2269 220 2303 5.
250 2269 316 2303 Sed
343 2273 376 2302 et
399 2270 434 2302 in
460 2271 555 2312 pallii

299 2319 561 2354 extremitatibus

247 2367 375 2401 Latinis
399 2370 510 2410 reperi

296 2417 331 2450 in
357 2419 602 2453 characteribus

953 554 1095 588 Diversa
1119 554 1259 596 nomina,

1015 612 1097 645 quae
1121 613 1141 636 a
1167 603 1331 636 veteribus

965 651 1052 684 Huic
1074 652 1227 692 imposita

1016 703 1109 733 erant
1133 700 1341 741 primoribus.

906 793 937 826 6.
965 791 1057 825 Haec
1084 800 1154 825 cum
1179 792 1325 824 intuerer

1013 843 1121 873 mente
1147 841 1313 882 attonitus,

966 889 1003 922 In
1031 895 1151 922 terram
1179 888 1284 921 corrui

1015 937 1116 970 veluti
1140 939 1295 979 mortuus,

967 984 1032 1019 Sed
1055 985 1148 1025 jussu
1172 985 1307 1027 virginis

1015 1034 1151 1066 accessit
1177 1034 1310 1075 angelus

964 1081 1085 1122 Meque
1111 1083 1152 1115 de
1175 1081 1288 1114 sabulo

1013 1131 1136 1163 levavit
1161 1130 1320 1170 protinus.

905 1223 936 1255 7.
966 1221 1054 1254 Hera
1079 1223 1157 1253 tunc
1181 1220 1312 1260 placido

1012 1269 1101 1301 vultu
1128 1277 1180 1301 me
1204 1269 1342 1305 intuens,

949 1317 994 1350 Et
1019 1318 1083 1349 mei
1111 1317 1226 1358 capitis

1010 1370 1139 1407 tegmen
1165 1365 1322 1405 abjiciens

960 1416 1036 1448 Ait:
1065 1414 1090 1447 O
1119 1414 1302 1457 presbyter,

1009 1464 1054 1495 sis
1081 1471 1192 1495 aurem
1217 1463 1404 1503 admovens,

959 1512 1006 1545 Et
1031 1520 1114 1553 quae
1141 1512 1268 1544 dictura
1292 1520 1363 1544 sum

1009 1561 1156 1593 ausculta
1184 1560 1332 1601 diligens.

901 1650 931 1683 8.
959 1648 1029 1689 Ego
1056 1648 1265 1690 cognominor

1011 1696 1258 1729 conciliabulum

959 1745 1103 1778 Humani
1129 1745 1267 1786 generis,

1009 1794 1095 1835 quod
1120 1803 1180 1835 per
1208 1793 1372 1827 diabolum

962 1843 1002 1877 In
1030 1851 1138 1876 casum
1167 1843 1295 1882 cecidit,

1008 1892 1042 1923 in
1068 1900 1167 1932 grave
1190 1891 1390 1934 scandalum,

962 1941 1042 1975 Cum
1061 1940 1133 1974 Eva
1158 1941 1309 1982 primitus

1008 1989 1133 2023 audivit
1157 1990 1359 2031 pseudolum.

900 2078 931 2112 9.
959 2077 1086 2118 Nempe
1112 2076 1248 2111 venefici

1010 2135 1082 2159 cum
1108 2128 1221 2168 anguis
1249 2126 1422 2161 formulam

958 2175 1130 2219 Intrasset,
1163 2176 1283 2210 callide

1009 2223 1166 2258 confinxit
1192 2226 1363 2259 subdolam

955 2272 1111 2307 Formam
1134 2275 1307 2316 mendacii,

1007 2332 1080 2356 cum
1107 2334 1170 2365 qua
1195 2325 1420 2366 virgunculam

958 2372 1032 2406 Heu
1058 2373 1177 2407 stravit
1201 2374 1309 2407 valide

1006 2423 1139 2465 eJ'usque
1166 2424 1320 2465 copulam,
