1656 2674
757 104 999 140 *11-

199 199 236 234 in
271 196 446 244 salzburg
486 200 621 246 einiges
658 201 772 238 Licht.
832 201 1007 239 Derselbe
1043 204 1157 239 bietet
1196 201 1257 238 fol.
1297 202 1405 239 17410
1448 203 1553 239 einen

204 255 397 302 „Prologus
430 258 468 294 in
501 260 690 305 sequentia
723 260 794 296 tria
817 260 1023 306 psalteria“,
1052 262 1115 298 der
1139 261 1177 298 in
1204 261 1319 297 einem
1344 260 1466 297 Briefe
1490 262 1552 298 be-

200 314 297 352 steht
321 317 395 353 und
423 317 497 353 also
523 318 654 354 lautet:

297 373 426 411 Frater
458 374 617 418 Quisutis
648 388 683 423 p.
720 376 758 413 G.
785 377 825 413 ti.
852 376 887 413 S.
913 377 958 415 N.
983 377 1086 414 fratri
1111 379 1155 415 N.
1182 378 1356 424 provisori
1382 377 1417 415 S.
1443 378 1487 415 N.
1514 379 1553 415 in

199 430 353 468 Domino
380 433 545 469 salutem.

297 490 341 526 In
377 492 504 528 dandis
538 493 824 539 accipiendisque
855 495 1062 531 muneribus
1095 496 1147 531 ita
1179 496 1277 530 recte
1311 493 1427 531 officia
1458 495 1552 532 inter

201 558 262 585 eos
299 550 511 596 praecipue,
552 552 613 597 qui
651 561 730 588 sese
768 551 1075 598 magnificaverint
1084 553 1113 599 1)
1153 554 1405 598 aestimantur,
1443 555 1473 591 si
1510 555 1551 590 li-

201 607 310 654 quido
351 609 545 653 constabit,
585 620 652 646 nec
685 610 729 646 ab
763 610 828 646 hoc
861 612 977 655 aliud,
1017 613 1111 658 quod
1141 611 1325 648 liberalius
1335 611 1366 658 2)
1399 611 1552 655 offerret,

200 666 407 710 inventum,
440 677 509 703 nec
543 668 587 704 ab
620 668 683 705 illo
717 678 893 715 unquam,
931 670 1026 715 quod
1047 670 1239 716 jucundius
1262 669 1552 712 benevolentiass)

204 725 474 771 complecteret,
514 729 710 773 acceptum.
769 726 869 763 Haec
903 728 980 774 ipse
1016 729 1243 765 considerans
1274 729 1456 765 transmisi
1488 728 1553 764 tibi

203 792 257 819 en
293 784 388 819 alia
421 786 648 830 opuscula
673 785 711 822 in
736 786 880 823 laudem
905 787 1081 829 gloriosae
1107 787 1254 832 virginis
1280 788 1405 829 exiguo
1432 788 1556 823 labore

201 844 277 878 tam
304 851 347 877 ex
362 841 572 879 Latinarum
598 853 705 890 quam
725 843 939 881 Graecarum
969 846 1152 892 opulentia
1171 847 1357 882 literarum
1377 847 1553 889 congesta.

202 900 435 948 Perpendens
461 904 555 939 enim
582 903 669 949 ejus,
697 902 741 938 de
768 913 839 948 qua
863 904 1058 949 scripturus
1088 914 1196 947 eram,
1222 904 1316 949 apud
1344 904 1555 940 directorem

204 961 363 998 omnium
397 962 574 998 bonorum
607 962 724 998 Deum
757 962 973 1007 potentiam,
1012 972 1079 999 nec
1111 972 1183 999 non
1215 962 1356 1008 scriptis
1387 962 1459 998 tuis
1483 972 1555 998 non

204 1029 364 1055 annuere
395 1019 496 1057 nefas
530 1023 721 1067 reputanS,
759 1020 942 1066 paulisper
974 1023 1081 1067 post
1113 1021 1299 1057 labores
1334 1020 1556 1066 quosdam

203 1078 522 1114 saecularium
548 1078 846 1123 negotiorum
871 1079 999 1124 spiritu
1023 1080 1205 1125 resumpto
1232 1079 1380 1115 submisi
1403 1088 1461 1113 me
1482 1088 1555 1114 sar-

205 1136 325 1181 cinae,
363 1146 469 1181 quam
500 1137 732 1182 imposueras.
786 1135 863 1178 Quo
891 1138 1011 1172 autem
1034 1137 1159 1173 labore
1185 1147 1300 1182 quave
1324 1147 1426 1173 mora
1451 1140 1558 1182 atque

203 1194 334 1238 vigiliis
376 1195 466 1231 haec
502 1197 711 1231 convertere
748 1195 867 1240 potui,
911 1194 1016 1231 facile
1057 1195 1196 1233 sobrius
1234 1196 1347 1232 lector
1388 1195 1555 1238 agnoscit.

202 1252 372 1290 Attamen
406 1254 542 1289 amanti
575 1253 665 1289 nihil
700 1251 853 1288 difficile.
904 1252 988 1299 Ipsa
1022 1254 1135 1297 enim,
1172 1253 1270 1299 cujus
1304 1254 1496 1299 praeconia
1519 1254 1557 1289 in

202 1312 259 1348 his
283 1321 496 1358 promovere
522 1321 702 1355 conamur,
730 1313 767 1347 et
791 1321 856 1347 nos
883 1313 990 1355 amat,
1018 1312 1140 1356 dirigit
1165 1313 1201 1347 et
1217 1312 1380 1348 custodit.
1423 1311 1558 1348 Videor

205 1370 342 1407 clericis
376 1370 466 1406 meis
503 1371 658 1407 otianter
692 1369 815 1414 egisse.
877 1368 948 1406 Sed
982 1372 1057 1406 esto
1093 1370 1186 1416 quod
1220 1370 1318 1416 ipsis.
1374 1370 1557 1417 Numquid

205 1431 242 1467 et
274 1429 367 1465 tibi
407 1430 452 1465 et
485 1428 822 1465 dilectissimis
854 1427 1084 1465 fratribus
1118 1428 1214 1465 tuis
1249 1430 1388 1474 atque
1420 1429 1558 1465 meis‘?

203 1487 235 1524 E
269 1497 463 1533 quorum
504 1486 888 1533 congregationis
921 1488 1117 1532 gremio,
1153 1487 1419 1533 suscipiens
1444 1498 1557 1524 onus

204 1544 381 1590 officii,
415 1546 531 1582 licet
562 1554 758 1592 corpore
791 1547 1069 1590 segregatus
1102 1545 1283 1589 videar,
1318 1549 1472 1582 mente
1509 1557 1559 1583 ac

204 1604 458 1650 religionis
499 1614 659 1640 norma
695 1605 820 1639 teste
854 1603 945 1640 Deo
985 1614 1216 1650 nunquam
1256 1605 1440 1641 recessi.
1503 1605 1560 1642 Ad

203 1666 308 1699 tuum
332 1662 444 1707 igitur
469 1672 619 1698 examen
643 1663 733 1699 haec
755 1662 839 1698 novi
865 1663 980 1708 operis
1005 1663 1210 1699 rudimenta
1233 1664 1428 1709 spectanda
1444 1666 1560 1700 trans-

203 1721 320 1758 mitto.
373 1720 429 1756 Tu
453 1723 595 1757 tantum
619 1720 786 1759 fraterno.
805 1730 927 1756 amore
952 1723 1114 1757 nostrum
1140 1721 1315 1767 provehas
1341 1732 1481 1768 munus,
1509 1723 1561 1759 ita

205 1782 242 1817 et
279 1779 414 1816 laboris
447 1780 518 1815 mei
551 1778 729 1825 primitias
764 1779 965 1815 doctissimo
995 1779 1129 1825 judicio
1164 1781 1386 1817 consecrabis
1418 1784 1456 1817 et
1487 1792 1560 1818 non

203 1838 349 1884 maj0ris
376 1839 580 1876 censebitur
606 1841 730 1875 auctor
754 1838 883 1874 merito
911 1848 1017 1884 quam
1043 1839 1225 1885 probator.
1267 1838 1350 1875 Non
1378 1849 1461 1884 ergo
1479 1850 1559 1886 per-

203 1897 327 1935 mittas
367 1897 405 1933 in
443 1907 571 1934 manus
602 1896 748 1944 prodire
781 1897 961 1943 publicas,
1001 1898 1070 1933 nisi
1104 1898 1231 1934 doctae
1264 1898 1464 1934 sententiae
1499 1899 1560 1935 ad-

203 1956 438 2002 stipulatione
469 1957 641 1993 nitantur.
700 1954 836 1991 Hortor
869 1965 1012 2002 quoque
1044 1958 1086 1992 ut
1117 1965 1181 2002 pro
1217 1957 1281 1991 tua
1305 1956 1343 1992 in
1369 1966 1427 1992 me
1451 1957 1560 1994 bene-

204 2015 364 2052 volentia
386 2025 610 2062 supervacua
633 2024 783 2057 reseces,
809 2014 947 2050 hiantia
966 2015 1144 2061 suppleas,
1172 2017 1292 2050 errata
1308 2015 1560 2061 reprehendas,

208 2074 394 2112 commode
428 2074 524 2110 dicta
561 2074 670 2110 animi
702 2073 755 2109 tui
782 2073 973 2109 devotione
998 2074 1179 2120 suscipias.
1229 2073 1322 2109 Vale
1345 2073 1383 2109 in
1406 2074 1562 2112 Domino

204 2143 347 2180 semper
371 2135 413 2169 tu
438 2135 476 2169 et
500 2133 554 2169 tui
580 2135 618 2169 et
643 2142 707 2170 ora
730 2142 795 2178 pro
821 2141 889 2168 me.
942 2132 1067 2168 Amen.

304 2191 439 2229 Soweit
472 2192 531 2229 die
555 2191 770 2237 Salzburger
794 2190 1045 2236 Handschrift,
1080 2192 1119 2228 in
1145 2190 1256 2227 deren
1282 2189 1396 2226 Texte
1423 2191 1481 2227 die
1505 2190 1563 2227 fiir

206 2252 269 2289 das
294 2251 532 2288 Verstandnis
566 2252 630 2288 des
660 2249 869 2295 Folgenden
905 2251 1094 2297 wichtigen
1128 2249 1266 2287 Stellen
1300 2250 1411 2287 durch
1438 2249 1562 2296 Sperr-

205 2311 319 2349 druck
343 2310 639 2356 hervorgehoben
668 2309 759 2347 sind.
809 2308 1028 2346 Betrachten
1054 2310 1119 2346 wir
1145 2308 1203 2345 die
1228 2307 1424 2345 Aufschrift
1447 2309 1563 2346 dieses

302 2447 326 2484 1)
345 2446 585 2486 magnificaverit
604 2447 658 2478 Hs.
680 2464 718 2469 —
740 2445 764 2481 2)
783 2446 961 2477 liberalibus
981 2446 1036 2477 Hs.
1058 2463 1096 2468 ——
1113 2445 1138 2484 ³)
1158 2446 1335 2477 benevolam
1356 2446 1409 2477 Hs.
