<?xml version="1.0" encoding="UTF-8"?>
<!DOCTYPE html PUBLIC "-//W3C//DTD XHTML 1.0 Transitional//EN"
    "http://www.w3.org/TR/xhtml1/DTD/xhtml1-transitional.dtd">
<html xmlns="http://www.w3.org/1999/xhtml" xml:lang="en" lang="en">
 <head>
  <title>
</title>
<meta http-equiv="Content-Type" content="text/html;charset=utf-8" />
  <meta name='ocr-system' content='tesseract 3.04.00' />
  <meta name='ocr-capabilities' content='ocr_page ocr_carea ocr_par ocr_line ocrx_word'/>
</head>
<body>
  <div class='ocr_page' id='page_1' title='image "./analectahymnica06drevuoft_00137.png"; bbox 0 0 1656 2674; ppageno 0'>
   <div class='ocr_carea' id='block_1_1' title="bbox 690 84 1174 127">
    <p class='ocr_par' dir='ltr' id='par_1_1' title="bbox 690 84 1174 127">
     <span class='ocr_line' id='line_1_1' title="bbox 690 84 1174 127; baseline 0 -7"><span class='ocrx_word' id='word_1_1' title='bbox 690 103 737 109; x_wconf 93' lang='lat'>—</span> <span class='ocrx_word' id='word_1_2' title='bbox 790 84 861 120; x_wconf 78' lang='lat'>134</span> <span class='ocrx_word' id='word_1_3' title='bbox 908 105 954 109; x_wconf 90' lang='lat'>—-</span> <span class='ocrx_word' id='word_1_4' title='bbox 1144 115 1174 127; x_wconf 78' lang='grc'>,,</span> 
     </span>
    </p>
   </div>
   <div class='ocr_carea' id='block_1_2' title="bbox 150 175 1504 256">
    <p class='ocr_par' dir='ltr' id='par_1_2' title="bbox 150 175 1504 256">
     <span class='ocr_line' id='line_1_2' title="bbox 230 175 1504 217; baseline -0.005 -9"><span class='ocrx_word' id='word_1_5' title='bbox 230 183 311 209; x_wconf 77' lang='lat' dir='ltr'>Orat.</span> <span class='ocrx_word' id='word_1_6' title='bbox 332 189 386 209; x_wconf 90' lang='lat' dir='ltr'>ms.</span> <span class='ocrx_word' id='word_1_7' title='bbox 406 183 606 217; x_wconf 76' lang='lat' dir='ltr'>Tegrinsense</span> <span class='ocrx_word' id='word_1_8' title='bbox 633 188 711 208; x_wconf 85' lang='lat' dir='ltr'>saec.</span> <span class='ocrx_word' id='word_1_9' title='bbox 733 179 779 208; x_wconf 84' lang='lat'>15.</span> <span class='ocrx_word' id='word_1_10' title='bbox 801 181 875 209; x_wconf 87' lang='lat' dir='ltr'>Clm.</span> <span class='ocrx_word' id='word_1_11' title='bbox 897 180 1071 208; x_wconf 84' lang='lat' dir='ltr'>Monacens.</span> <span class='ocrx_word' id='word_1_12' title='bbox 1098 175 1200 206; x_wconf 85' lang='lat'>19824</span> <span class='ocrx_word' id='word_1_13' title='bbox 1219 176 1271 204; x_wconf 88' lang='lat' dir='ltr'>fol.</span> <span class='ocrx_word' id='word_1_14' title='bbox 1293 175 1331 204; x_wconf 89' lang='grc'>55</span> <span class='ocrx_word' id='word_1_15' title='bbox 1356 184 1382 204; x_wconf 90' lang='lat' dir='ltr'>a.</span> <span class='ocrx_word' id='word_1_16' title='bbox 1403 175 1443 203; x_wconf 80' lang='lat' dir='ltr'>A.</span> <span class='ocrx_word' id='word_1_17' title='bbox 1462 191 1504 195; x_wconf 93' lang='lat'>—</span> 
     </span>
     <span class='ocr_line' id='line_1_3' title="bbox 150 213 1366 256; baseline -0.006 -7"><span class='ocrx_word' id='word_1_18' title='bbox 150 221 231 249; x_wconf 86' lang='lat' dir='ltr'>Orat.</span> <span class='ocrx_word' id='word_1_19' title='bbox 252 229 307 248; x_wconf 85' lang='lat' dir='ltr'>ms.</span> <span class='ocrx_word' id='word_1_20' title='bbox 328 221 527 256; x_wconf 83' lang='lat' dir='ltr'>Tegrinsense</span> <span class='ocrx_word' id='word_1_21' title='bbox 549 227 625 246; x_wconf 82' lang='lat' dir='ltr'>saec.</span> <span class='ocrx_word' id='word_1_22' title='bbox 651 217 696 246; x_wconf 86' lang='lat'>15.</span> <span class='ocrx_word' id='word_1_23' title='bbox 718 218 792 246; x_wconf 84' lang='lat' dir='ltr'>Clm.</span> <span class='ocrx_word' id='word_1_24' title='bbox 812 219 986 247; x_wconf 84' lang='lat' dir='ltr'>Monacens.</span> <span class='ocrx_word' id='word_1_25' title='bbox 1006 215 1044 245; x_wconf 82' lang='lat'>20</span> <span class='ocrx_word' id='word_1_26' title='bbox 1053 213 1108 245; x_wconf 86' lang='lat'>001</span> <span class='ocrx_word' id='word_1_27' title='bbox 1131 216 1183 244; x_wconf 84' lang='lat' dir='ltr'>fol.</span> <span class='ocrx_word' id='word_1_28' title='bbox 1206 213 1262 243; x_wconf 82' lang='lat'>128</span> <span class='ocrx_word' id='word_1_29' title='bbox 1281 216 1310 243; x_wconf 95' lang='lat' dir='ltr'>b.</span> <span class='ocrx_word' id='word_1_30' title='bbox 1332 215 1366 243; x_wconf 92' lang='lat' dir='ltr'>B.</span> 
     </span>
    </p>
   </div>
   <div class='ocr_carea' id='block_1_3' title="bbox 611 310 1024 343">
    <p class='ocr_par' dir='ltr' id='par_1_3' title="bbox 611 310 1024 343">
     <span class='ocr_line' id='line_1_4' title="bbox 611 310 1024 343; baseline -0.005 0"><span class='ocrx_word' id='word_1_31' title='bbox 611 310 659 343; x_wconf 88' lang='lat'>39.</span> <span class='ocrx_word' id='word_1_32' title='bbox 703 310 918 343; x_wconf 82' lang='lat' dir='ltr'>Abecedarius</span> <span class='ocrx_word' id='word_1_33' title='bbox 941 310 1024 342; x_wconf 83' lang='lat' dir='ltr'>XIV.</span> 
     </span>
    </p>
   </div>
   <div class='ocr_carea' id='block_1_4' title="bbox 175 390 559 762">
    <p class='ocr_par' dir='ltr' id='par_1_4' title="bbox 175 390 559 762">
     <span class='ocr_line' id='line_1_5' title="bbox 175 390 549 432; baseline -0.003 -8"><span class='ocrx_word' id='word_1_34' title='bbox 175 420 182 427; x_wconf 89' lang='lat'>.</span> <span class='ocrx_word' id='word_1_35' title='bbox 209 390 355 432; x_wconf 81' lang='lat' dir='ltr'><strong>Artifex,</strong></span> <span class='ocrx_word' id='word_1_36' title='bbox 382 390 549 423; x_wconf 83' lang='lat' dir='ltr'>fabricans</span> 
     </span>
     <span class='ocr_line' id='line_1_6' title="bbox 258 440 481 481; baseline 0 -10"><span class='ocrx_word' id='word_1_37' title='bbox 258 440 481 481; x_wconf 80' lang='lat' dir='ltr'>potentialiter</span> 
     </span>
     <span class='ocr_line' id='line_1_7' title="bbox 210 487 467 530; baseline -0.008 -9"><span class='ocrx_word' id='word_1_38' title='bbox 210 487 328 521; x_wconf 83' lang='lat' dir='ltr'>Creata</span> <span class='ocrx_word' id='word_1_39' title='bbox 350 487 467 530; x_wconf 86' lang='lat' dir='ltr'>omnia,</span> 
     </span>
     <span class='ocr_line' id='line_1_8' title="bbox 257 535 512 568; baseline -0.004 0"><span class='ocrx_word' id='word_1_40' title='bbox 257 540 291 568; x_wconf 92' lang='lat' dir='ltr'>te</span> <span class='ocrx_word' id='word_1_41' title='bbox 315 535 512 568; x_wconf 88' lang='lat' dir='ltr'>mirabiliter</span> 
     </span>
     <span class='ocr_line' id='line_1_9' title="bbox 210 583 514 624; baseline -0.007 -7"><span class='ocrx_word' id='word_1_42' title='bbox 210 584 315 617; x_wconf 86' lang='lat' dir='ltr'>Carne</span> <span class='ocrx_word' id='word_1_43' title='bbox 341 583 514 624; x_wconf 84' lang='lat' dir='ltr'>inhabitat,</span> 
     </span>
     <span class='ocr_line' id='line_1_10' title="bbox 256 632 527 673; baseline 0 -9"><span class='ocrx_word' id='word_1_44' title='bbox 256 642 320 673; x_wconf 89' lang='lat' dir='ltr'>qua</span> <span class='ocrx_word' id='word_1_45' title='bbox 343 632 527 664; x_wconf 73' lang='lat' dir='ltr'>liberaliter</span> 
     </span>
     <span class='ocr_line' id='line_1_11' title="bbox 207 681 535 716; baseline -0.009 0"><span class='ocrx_word' id='word_1_46' title='bbox 207 681 379 716; x_wconf 83' lang='lat' dir='ltr'>Hominem</span> <span class='ocrx_word' id='word_1_47' title='bbox 405 684 535 713; x_wconf 86' lang='lat' dir='ltr'>recreat</span> 
     </span>
     <span class='ocr_line' id='line_1_12' title="bbox 255 729 559 762; baseline 0 -1"><span class='ocrx_word' id='word_1_48' title='bbox 255 729 378 762; x_wconf 87' lang='lat' dir='ltr'>laesum</span> <span class='ocrx_word' id='word_1_49' title='bbox 405 730 559 762; x_wconf 90' lang='lat' dir='ltr'>letaliter.</span> 
     </span>
    </p>
   </div>
   <div class='ocr_carea' id='block_1_5' title="bbox 174 804 662 1180">
    <p class='ocr_par' dir='ltr' id='par_1_5' title="bbox 174 804 662 1180">
     <span class='ocr_line' id='line_1_13' title="bbox 174 804 567 843; baseline -0.003 -3"><span class='ocrx_word' id='word_1_50' title='bbox 174 834 179 840; x_wconf 95' lang='lat'>.</span> <span class='ocrx_word' id='word_1_51' title='bbox 209 804 340 843; x_wconf 90' lang='lat' dir='ltr'>Bellum</span> <span class='ocrx_word' id='word_1_52' title='bbox 366 816 440 839; x_wconf 89' lang='lat' dir='ltr'>nam</span> <span class='ocrx_word' id='word_1_53' title='bbox 466 807 567 839; x_wconf 86' lang='lat' dir='ltr'>subiit</span> 
     </span>
     <span class='ocr_line' id='line_1_14' title="bbox 254 855 602 897; baseline -0.003 -9"><span class='ocrx_word' id='word_1_54' title='bbox 254 855 349 888; x_wconf 89' lang='lat' dir='ltr'>homo</span> <span class='ocrx_word' id='word_1_55' title='bbox 380 856 602 897; x_wconf 90' lang='lat' dir='ltr'>domesticum,</span> 
     </span>
     <span class='ocr_line' id='line_1_15' title="bbox 205 903 532 944; baseline -0.003 -7"><span class='ocrx_word' id='word_1_56' title='bbox 205 903 341 937; x_wconf 87' lang='lat' dir='ltr'>Hostem</span> <span class='ocrx_word' id='word_1_57' title='bbox 370 904 532 944; x_wconf 83' lang='lat' dir='ltr'>decipitur</span> 
     </span>
     <span class='ocr_line' id='line_1_16' title="bbox 257 952 662 993; baseline 0 -9"><span class='ocrx_word' id='word_1_58' title='bbox 257 961 328 984; x_wconf 78' lang='lat' dir='ltr'>cum</span> <span class='ocrx_word' id='word_1_59' title='bbox 353 961 414 993; x_wconf 88' lang='lat' dir='ltr'>per</span> <span class='ocrx_word' id='word_1_60' title='bbox 439 952 662 993; x_wconf 85' lang='lat' dir='ltr'>sophisticum,</span> 
     </span>
     <span class='ocr_line' id='line_1_17' title="bbox 206 1000 551 1041; baseline -0.003 -7"><span class='ocrx_word' id='word_1_61' title='bbox 206 1000 355 1035; x_wconf 82' lang='lat' dir='ltr'>Gliscens</span> <span class='ocrx_word' id='word_1_62' title='bbox 382 1001 551 1041; x_wconf 74' lang='lat' dir='ltr'>acquirere</span> 
     </span>
     <span class='ocr_line' id='line_1_18' title="bbox 252 1048 546 1088; baseline 0 -7"><span class='ocrx_word' id='word_1_63' title='bbox 252 1049 361 1081; x_wconf 90' lang='lat' dir='ltr'>lumen</span> <span class='ocrx_word' id='word_1_64' title='bbox 386 1048 546 1088; x_wconf 84' lang='lat' dir='ltr'>deificum,</span> 
     </span>
     <span class='ocr_line' id='line_1_19' title="bbox 205 1097 569 1138; baseline 0 -8"><span class='ocrx_word' id='word_1_65' title='bbox 205 1097 271 1131; x_wconf 86' lang='lat' dir='ltr'>Sed</span> <span class='ocrx_word' id='word_1_66' title='bbox 295 1097 396 1130; x_wconf 89' lang='lat' dir='ltr'>miser</span> <span class='ocrx_word' id='word_1_67' title='bbox 420 1098 569 1138; x_wconf 82' lang='lat' dir='ltr'>perdidit</span> 
     </span>
     <span class='ocr_line' id='line_1_20' title="bbox 252 1145 586 1180; baseline 0.003 -2"><span class='ocrx_word' id='word_1_68' title='bbox 252 1149 370 1179; x_wconf 87' lang='lat' dir='ltr'>statum</span> <span class='ocrx_word' id='word_1_69' title='bbox 397 1145 586 1180; x_wconf 89' lang='lat' dir='ltr'>salvificum.</span> 
     </span>
    </p>
   </div>
   <div class='ocr_carea' id='block_1_6' title="bbox 144 1220 488 1265">
    <p class='ocr_par' dir='ltr' id='par_1_6' title="bbox 144 1220 488 1265">
     <span class='ocr_line' id='line_1_21' title="bbox 144 1220 488 1265; baseline 0.003 -10"><span class='ocrx_word' id='word_1_70' title='bbox 144 1230 176 1260; x_wconf 72' lang='lat'>2,</span> <span class='ocrx_word' id='word_1_71' title='bbox 205 1220 321 1259; x_wconf 80' lang='lat' dir='ltr'>Coetus</span> <span class='ocrx_word' id='word_1_72' title='bbox 348 1224 488 1265; x_wconf 82' lang='lat' dir='ltr'>angelici</span> 
     </span>
    </p>
   </div>
   <div class='ocr_carea' id='block_1_7' title="bbox 200 1275 591 1604">
    <p class='ocr_par' dir='ltr' id='par_1_7' title="bbox 200 1275 591 1604">
     <span class='ocr_line' id='line_1_22' title="bbox 252 1275 591 1313; baseline 0 -9"><span class='ocrx_word' id='word_1_73' title='bbox 252 1275 283 1304; x_wconf 92' lang='lat' dir='ltr'>et</span> <span class='ocrx_word' id='word_1_74' title='bbox 309 1281 456 1313; x_wconf 84' lang='lat' dir='ltr'>quaeque</span> <span class='ocrx_word' id='word_1_75' title='bbox 481 1275 591 1305; x_wconf 85' lang='lat' dir='ltr'>cetera</span> 
     </span>
     <span class='ocr_line' id='line_1_23' title="bbox 201 1320 566 1361; baseline -0.003 -7"><span class='ocrx_word' id='word_1_76' title='bbox 201 1320 352 1354; x_wconf 84' lang='lat' dir='ltr'>Laudent</span> <span class='ocrx_word' id='word_1_77' title='bbox 378 1321 566 1361; x_wconf 84' lang='lat' dir='ltr'>perenniter</span> 
     </span>
     <span class='ocr_line' id='line_1_24' title="bbox 249 1371 575 1411; baseline 0.003 -10"><span class='ocrx_word' id='word_1_78' title='bbox 249 1371 293 1409; x_wconf 88' lang='lat' dir='ltr'>te,</span> <span class='ocrx_word' id='word_1_79' title='bbox 319 1372 425 1402; x_wconf 90' lang='lat' dir='ltr'>mater</span> <span class='ocrx_word' id='word_1_80' title='bbox 449 1373 575 1411; x_wconf 87' lang='lat' dir='ltr'>tenera,</span> 
     </span>
     <span class='ocr_line' id='line_1_25' title="bbox 201 1417 523 1458; baseline -0.006 -6"><span class='ocrx_word' id='word_1_81' title='bbox 201 1417 385 1452; x_wconf 83' lang='lat' dir='ltr'>Deductam</span> <span class='ocrx_word' id='word_1_82' title='bbox 408 1418 523 1458; x_wconf 84' lang='lat' dir='ltr'>jubilis</span> 
     </span>
     <span class='ocr_line' id='line_1_26' title="bbox 249 1466 544 1507; baseline 0.003 -9"><span class='ocrx_word' id='word_1_83' title='bbox 249 1466 292 1499; x_wconf 88' lang='lat' dir='ltr'>ad</span> <span class='ocrx_word' id='word_1_84' title='bbox 317 1466 399 1499; x_wconf 88' lang='lat' dir='ltr'>coeli</span> <span class='ocrx_word' id='word_1_85' title='bbox 424 1467 544 1507; x_wconf 89' lang='lat' dir='ltr'>sidera,</span> 
     </span>
     <span class='ocr_line' id='line_1_27' title="bbox 200 1515 562 1556; baseline 0 -9"><span class='ocrx_word' id='word_1_86' title='bbox 200 1516 269 1555; x_wconf 84' lang='lat' dir='ltr'>Qua</span> <span class='ocrx_word' id='word_1_87' title='bbox 295 1515 417 1556; x_wconf 83' lang='lat' dir='ltr'>gaudes</span> <span class='ocrx_word' id='word_1_88' title='bbox 439 1516 562 1556; x_wconf 80' lang='lat' dir='ltr'>J&#39;ugiter</span> 
     </span>
     <span class='ocr_line' id='line_1_28' title="bbox 247 1563 583 1604; baseline 0.006 -9"><span class='ocrx_word' id='word_1_89' title='bbox 247 1563 282 1595; x_wconf 92' lang='lat' dir='ltr'>in</span> <span class='ocrx_word' id='word_1_90' title='bbox 307 1563 410 1604; x_wconf 87' lang='lat' dir='ltr'>prolis</span> <span class='ocrx_word' id='word_1_91' title='bbox 438 1565 583 1598; x_wconf 84' lang='lat' dir='ltr'>dextera.</span> 
     </span>
    </p>
   </div>
   <div class='ocr_carea' id='block_1_8' title="bbox 165 1639 602 2016">
    <p class='ocr_par' dir='ltr' id='par_1_8' title="bbox 165 1639 558 1731">
     <span class='ocr_line' id='line_1_29' title="bbox 165 1639 530 1682; baseline 0.003 -9"><span class='ocrx_word' id='word_1_92' title='bbox 165 1669 172 1677; x_wconf 84' lang='lat'><em>,</em></span> <span class='ocrx_word' id='word_1_93' title='bbox 197 1639 352 1677; x_wconf 84' lang='lat' dir='ltr'>Divinam</span> <span class='ocrx_word' id='word_1_94' title='bbox 375 1641 530 1682; x_wconf 83' lang='lat' dir='ltr'>precibus</span> 
     </span>
     <span class='ocr_line' id='line_1_30' title="bbox 247 1688 558 1731; baseline 0 -9"><span class='ocrx_word' id='word_1_95' title='bbox 247 1688 343 1722; x_wconf 85' lang='lat' dir='ltr'>flecte</span> <span class='ocrx_word' id='word_1_96' title='bbox 367 1691 558 1731; x_wconf 86' lang='lat' dir='ltr'>potentiam,</span> 
     </span>
    </p>

    <p class='ocr_par' dir='ltr' id='par_1_9' title="bbox 199 1738 568 1828">
     <span class='ocr_line' id='line_1_31' title="bbox 199 1738 568 1773; baseline -0.005 0"><span class='ocrx_word' id='word_1_97' title='bbox 199 1738 251 1773; x_wconf 80' lang='lat' dir='ltr'>Ne</span> <span class='ocrx_word' id='word_1_98' title='bbox 277 1748 368 1771; x_wconf 86' lang='lat' dir='ltr'>suam</span> <span class='ocrx_word' id='word_1_99' title='bbox 394 1739 568 1772; x_wconf 86' lang='lat' dir='ltr'>subtrahat</span> 
     </span>
     <span class='ocr_line' id='line_1_32' title="bbox 247 1787 517 1828; baseline 0.004 -9"><span class='ocrx_word' id='word_1_100' title='bbox 247 1787 517 1828; x_wconf 83' lang='lat' dir='ltr'>misericordiam,</span> 
     </span>
    </p>

    <p class='ocr_par' dir='ltr' id='par_1_10' title="bbox 198 1836 602 1927">
     <span class='ocr_line' id='line_1_33' title="bbox 198 1836 508 1872; baseline -0.003 -2"><span class='ocrx_word' id='word_1_101' title='bbox 198 1839 238 1872; x_wconf 87' lang='lat' dir='ltr'>In</span> <span class='ocrx_word' id='word_1_102' title='bbox 264 1836 349 1869; x_wconf 90' lang='lat' dir='ltr'>bono</span> <span class='ocrx_word' id='word_1_103' title='bbox 376 1836 508 1869; x_wconf 89' lang='lat' dir='ltr'>roboret</span> 
     </span>
     <span class='ocr_line' id='line_1_34' title="bbox 248 1886 602 1927; baseline 0.003 -10"><span class='ocrx_word' id='word_1_104' title='bbox 248 1887 395 1918; x_wconf 79' lang='lat' dir='ltr'>sanctam</span> <span class='ocrx_word' id='word_1_105' title='bbox 421 1886 602 1927; x_wconf 87' lang='lat' dir='ltr'>ecclesiam,</span> 
     </span>
    </p>

    <p class='ocr_par' dir='ltr' id='par_1_11' title="bbox 202 1933 576 2016">
     <span class='ocr_line' id='line_1_35' title="bbox 202 1933 492 1975; baseline -0.003 -8"><span class='ocrx_word' id='word_1_106' title='bbox 202 1933 255 1967; x_wconf 84' lang='lat' dir='ltr'>Ab</span> <span class='ocrx_word' id='word_1_107' title='bbox 281 1934 355 1974; x_wconf 88' lang='lat' dir='ltr'>ipsa</span> <span class='ocrx_word' id='word_1_108' title='bbox 380 1933 492 1975; x_wconf 86' lang='lat' dir='ltr'>abigat</span> 
     </span>
     <span class='ocr_line' id='line_1_36' title="bbox 250 1983 576 2016; baseline 0 -1"><span class='ocrx_word' id='word_1_109' title='bbox 250 1991 377 2015; x_wconf 88' lang='lat' dir='ltr'>omnem</span> <span class='ocrx_word' id='word_1_110' title='bbox 402 1983 576 2016; x_wconf 85' lang='lat' dir='ltr'>miseriam.</span> 
     </span>
    </p>
   </div>
   <div class='ocr_carea' id='block_1_9' title="bbox 165 2056 598 2437">
    <p class='ocr_par' dir='ltr' id='par_1_12' title="bbox 165 2056 598 2437">
     <span class='ocr_line' id='line_1_37' title="bbox 165 2056 508 2099; baseline -0.006 -5"><span class='ocrx_word' id='word_1_111' title='bbox 165 2086 172 2094; x_wconf 94' lang='lat'><em>.</em></span> <span class='ocrx_word' id='word_1_112' title='bbox 200 2056 283 2099; x_wconf 80' lang='lat' dir='ltr'>Ejus</span> <span class='ocrx_word' id='word_1_113' title='bbox 310 2062 344 2091; x_wconf 89' lang='lat' dir='ltr'>et</span> <span class='ocrx_word' id='word_1_114' title='bbox 369 2060 508 2092; x_wconf 86' lang='lat' dir='ltr'>scoriam</span> 
     </span>
     <span class='ocr_line' id='line_1_38' title="bbox 249 2107 598 2152; baseline 0.009 -14"><span class='ocrx_word' id='word_1_115' title='bbox 249 2107 416 2148; x_wconf 84' lang='lat' dir='ltr'>culparum</span> <span class='ocrx_word' id='word_1_116' title='bbox 443 2112 598 2152; x_wconf 86' lang='lat' dir='ltr'>conterat,</span> 
     </span>
     <span class='ocr_line' id='line_1_39' title="bbox 199 2154 518 2197; baseline 0.006 -10"><span class='ocrx_word' id='word_1_117' title='bbox 199 2154 321 2196; x_wconf 83' lang='lat' dir='ltr'>Quibus</span> <span class='ocrx_word' id='word_1_118' title='bbox 348 2165 367 2188; x_wconf 84' lang='lat' dir='ltr'>a</span> <span class='ocrx_word' id='word_1_119' title='bbox 391 2156 518 2197; x_wconf 85' lang='lat' dir='ltr'>legibus</span> 
     </span>
     <span class='ocr_line' id='line_1_40' title="bbox 246 2203 497 2245; baseline 0.004 -10"><span class='ocrx_word' id='word_1_120' title='bbox 246 2203 349 2243; x_wconf 89' lang='lat' dir='ltr'>ipsius</span> <span class='ocrx_word' id='word_1_121' title='bbox 377 2204 497 2245; x_wconf 88' lang='lat' dir='ltr'>deviat,</span> 
     </span>
     <span class='ocr_line' id='line_1_41' title="bbox 197 2251 517 2292; baseline 0.013 -10"><span class='ocrx_word' id='word_1_122' title='bbox 197 2251 245 2285; x_wconf 89' lang='lat' dir='ltr'>Ut</span> <span class='ocrx_word' id='word_1_123' title='bbox 270 2252 298 2283; x_wconf 91' lang='lat' dir='ltr'>si</span> <span class='ocrx_word' id='word_1_124' title='bbox 325 2260 361 2283; x_wconf 88' lang='lat' dir='ltr'>se</span> <span class='ocrx_word' id='word_1_125' title='bbox 386 2253 517 2292; x_wconf 84' lang='lat' dir='ltr'>penitus</span> 
     </span>
     <span class='ocr_line' id='line_1_42' title="bbox 246 2300 565 2342; baseline 0.009 -12"><span class='ocrx_word' id='word_1_126' title='bbox 246 2308 267 2330; x_wconf 91' lang='lat' dir='ltr'>a</span> <span class='ocrx_word' id='word_1_127' title='bbox 290 2300 385 2332; x_wconf 89' lang='lat' dir='ltr'>malis</span> <span class='ocrx_word' id='word_1_128' title='bbox 412 2301 565 2342; x_wconf 83' lang='lat' dir='ltr'>corrigat,</span> 
     </span>
     <span class='ocr_line' id='line_1_43' title="bbox 197 2346 516 2389; baseline 0.003 -9"><span class='ocrx_word' id='word_1_129' title='bbox 197 2346 352 2380; x_wconf 60' lang='lat' dir='ltr'>Divinam</span> <span class='ocrx_word' id='word_1_130' title='bbox 377 2349 516 2389; x_wconf 83' lang='lat' dir='ltr'>gratiam</span> 
     </span>
     <span class='ocr_line' id='line_1_44' title="bbox 251 2394 521 2437; baseline 0.015 -11"><span class='ocrx_word' id='word_1_131' title='bbox 251 2394 347 2436; x_wconf 89' lang='lat' dir='ltr'>digne</span> <span class='ocrx_word' id='word_1_132' title='bbox 373 2397 521 2437; x_wconf 83' lang='lat' dir='ltr'>recipiat.</span> 
     </span>
    </p>
   </div>
   <div class='ocr_carea' id='block_1_10' title="bbox 880 389 1206 425">
    <p class='ocr_par' dir='ltr' id='par_1_13' title="bbox 880 389 1206 425">
     <span class='ocr_line' id='line_1_45' title="bbox 880 389 1206 425; baseline -0.009 0"><span class='ocrx_word' id='word_1_133' title='bbox 880 393 912 425; x_wconf 89' lang='lat'>6.</span> <span class='ocrx_word' id='word_1_134' title='bbox 936 389 1069 425; x_wconf 84' lang='lat' dir='ltr'>Fulcita</span> <span class='ocrx_word' id='word_1_135' title='bbox 1092 390 1206 423; x_wconf 85' lang='lat' dir='ltr'>taliter</span> 
     </span>
    </p>
   </div>
   <div class='ocr_carea' id='block_1_11' title="bbox 846 2062 903 2097">
    <p class='ocr_par' dir='ltr' id='par_1_14' title="bbox 846 2062 903 2097">
     <span class='ocr_line' id='line_1_46' title="bbox 846 2062 903 2097; baseline 0.035 -2"><span class='ocrx_word' id='word_1_136' title='bbox 846 2062 903 2097; x_wconf 90' lang='lat'>10.</span> 
     </span>
    </p>
   </div>
   <div class='ocr_carea' id='block_1_12' title="bbox 937 439 1321 764">
    <p class='ocr_par' dir='ltr' id='par_1_15' title="bbox 937 439 1321 764">
     <span class='ocr_line' id='line_1_47' title="bbox 988 439 1248 471; baseline 0 0"><span class='ocrx_word' id='word_1_137' title='bbox 988 442 1044 471; x_wconf 88' lang='lat' dir='ltr'>tuo</span> <span class='ocrx_word' id='word_1_138' title='bbox 1070 439 1248 471; x_wconf 86' lang='lat' dir='ltr'>munimine</span> 
     </span>
     <span class='ocr_line' id='line_1_48' title="bbox 937 487 1302 520; baseline -0.003 0"><span class='ocrx_word' id='word_1_139' title='bbox 937 487 982 520; x_wconf 85' lang='lat' dir='ltr'>Et</span> <span class='ocrx_word' id='word_1_140' title='bbox 1007 488 1130 520; x_wconf 86' lang='lat' dir='ltr'>munda</span> <span class='ocrx_word' id='word_1_141' title='bbox 1154 487 1302 520; x_wconf 85' lang='lat' dir='ltr'>funditus</span> 
     </span>
     <span class='ocr_line' id='line_1_49' title="bbox 987 536 1321 578; baseline 0 -10"><span class='ocrx_word' id='word_1_142' title='bbox 987 536 1029 568; x_wconf 88' lang='lat' dir='ltr'>ab</span> <span class='ocrx_word' id='word_1_143' title='bbox 1057 536 1144 569; x_wconf 90' lang='lat' dir='ltr'>omni</span> <span class='ocrx_word' id='word_1_144' title='bbox 1170 536 1321 578; x_wconf 63' lang='lat' dir='ltr'>crimine,</span> 
     </span>
     <span class='ocr_line' id='line_1_50' title="bbox 938 584 1258 617; baseline 0 0"><span class='ocrx_word' id='word_1_145' title='bbox 938 584 1023 617; x_wconf 85' lang='lat' dir='ltr'>Tuta</span> <span class='ocrx_word' id='word_1_146' title='bbox 1049 585 1089 617; x_wconf 94' lang='lat' dir='ltr'>ob</span> <span class='ocrx_word' id='word_1_147' title='bbox 1116 584 1258 617; x_wconf 89' lang='lat' dir='ltr'>hostium</span> 
     </span>
     <span class='ocr_line' id='line_1_51' title="bbox 986 632 1247 666; baseline -0.004 0"><span class='ocrx_word' id='word_1_148' title='bbox 986 632 1045 666; x_wconf 92' lang='lat' dir='ltr'>fiat</span> <span class='ocrx_word' id='word_1_149' title='bbox 1071 632 1247 666; x_wconf 84' lang='lat' dir='ltr'>formidine</span> 
     </span>
     <span class='ocr_line' id='line_1_52' title="bbox 937 682 1239 724; baseline 0 -10"><span class='ocrx_word' id='word_1_150' title='bbox 937 683 989 714; x_wconf 84' lang='lat' dir='ltr'>Ae</span> <span class='ocrx_word' id='word_1_151' title='bbox 1013 682 1098 723; x_wconf 86' lang='lat' dir='ltr'>ignis</span> <span class='ocrx_word' id='word_1_152' title='bbox 1125 682 1239 724; x_wconf 81' lang='lat' dir='ltr'>Stygei</span> 
     </span>
     <span class='ocr_line' id='line_1_53' title="bbox 987 731 1213 764; baseline 0 -1"><span class='ocrx_word' id='word_1_153' title='bbox 987 731 1213 764; x_wconf 76' lang='lat' dir='ltr'>amaritudine.</span> 
     </span>
    </p>
   </div>
   <div class='ocr_carea' id='block_1_13' title="bbox 902 804 1215 849">
    <p class='ocr_par' dir='ltr' id='par_1_16' title="bbox 902 804 1215 849">
     <span class='ocr_line' id='line_1_54' title="bbox 902 804 1215 849; baseline -0.006 -7"><span class='ocrx_word' id='word_1_154' title='bbox 902 834 910 842; x_wconf 91' lang='lat'><strong>.</strong></span> <span class='ocrx_word' id='word_1_155' title='bbox 938 804 1215 849; x_wconf 74' lang='lat' dir='ltr'>Gazophylacium</span> 
     </span>
    </p>
   </div>
   <div class='ocr_carea' id='block_1_14' title="bbox 932 856 1397 1190">
    <p class='ocr_par' dir='ltr' id='par_1_17' title="bbox 932 856 1397 1190">
     <span class='ocr_line' id='line_1_55' title="bbox 986 856 1309 898; baseline 0 -10"><span class='ocrx_word' id='word_1_156' title='bbox 986 864 1020 888; x_wconf 88' lang='lat' dir='ltr'>es</span> <span class='ocrx_word' id='word_1_157' title='bbox 1046 857 1150 889; x_wconf 86' lang='lat' dir='ltr'>omnis</span> <span class='ocrx_word' id='word_1_158' title='bbox 1174 856 1309 898; x_wconf 87' lang='lat' dir='ltr'>gratiae,</span> 
     </span>
     <span class='ocr_line' id='line_1_56' title="bbox 936 904 1317 937; baseline 0.003 -1"><span class='ocrx_word' id='word_1_159' title='bbox 936 904 1121 937; x_wconf 86' lang='lat' dir='ltr'>Thesauros</span> <span class='ocrx_word' id='word_1_160' title='bbox 1148 905 1317 937; x_wconf 86' lang='lat' dir='ltr'>continens</span> 
     </span>
     <span class='ocr_line' id='line_1_57' title="bbox 984 952 1250 994; baseline 0 -9"><span class='ocrx_word' id='word_1_161' title='bbox 984 952 1048 985; x_wconf 86' lang='lat' dir='ltr'>Dei</span> <span class='ocrx_word' id='word_1_162' title='bbox 1073 954 1250 994; x_wconf 87' lang='lat' dir='ltr'>potentiae,</span> 
     </span>
     <span class='ocr_line' id='line_1_58' title="bbox 936 1001 1240 1042; baseline 0.003 -9"><span class='ocrx_word' id='word_1_163' title='bbox 936 1001 1061 1042; x_wconf 86' lang='lat' dir='ltr'>Stipem</span> <span class='ocrx_word' id='word_1_164' title='bbox 1087 1001 1240 1034; x_wconf 83' lang='lat' dir='ltr'>fidelibus</span> 
     </span>
     <span class='ocr_line' id='line_1_59' title="bbox 982 1050 1274 1083; baseline -0.003 0"><span class='ocrx_word' id='word_1_165' title='bbox 982 1053 1058 1083; x_wconf 87' lang='lat' dir='ltr'>tuae</span> <span class='ocrx_word' id='word_1_166' title='bbox 1084 1050 1274 1083; x_wconf 85' lang='lat' dir='ltr'>clementiae</span> 
     </span>
     <span class='ocr_line' id='line_1_60' title="bbox 932 1098 1397 1142; baseline 0 -11"><span class='ocrx_word' id='word_1_167' title='bbox 932 1098 994 1142; x_wconf 87' lang='lat' dir='ltr'>Da,</span> <span class='ocrx_word' id='word_1_168' title='bbox 1022 1108 1148 1140; x_wconf 85' lang='lat' dir='ltr'>poenae</span> <span class='ocrx_word' id='word_1_169' title='bbox 1174 1100 1397 1140; x_wconf 80' lang='lat' dir='ltr'>comprimunt</span> 
     </span>
     <span class='ocr_line' id='line_1_61' title="bbox 982 1148 1310 1190; baseline 0.003 -10"><span class='ocrx_word' id='word_1_170' title='bbox 982 1157 1064 1188; x_wconf 87' lang='lat' dir='ltr'>quos</span> <span class='ocrx_word' id='word_1_171' title='bbox 1089 1148 1310 1190; x_wconf 86' lang='lat' dir='ltr'>purgatoriae.</span> 
     </span>
    </p>
   </div>
   <div class='ocr_carea' id='block_1_15' title="bbox 929 1221 1388 1599">
    <p class='ocr_par' dir='ltr' id='par_1_18' title="bbox 929 1221 1388 1599">
     <span class='ocr_line' id='line_1_62' title="bbox 931 1221 1266 1266; baseline 0 -8"><span class='ocrx_word' id='word_1_172' title='bbox 931 1221 1038 1265; x_wconf 86' lang='lat' dir='ltr'>Hujus</span> <span class='ocrx_word' id='word_1_173' title='bbox 1064 1225 1266 1266; x_wconf 88' lang='lat' dir='ltr'>Theophilus</span> 
     </span>
     <span class='ocr_line' id='line_1_63' title="bbox 980 1274 1207 1314; baseline 0 -8"><span class='ocrx_word' id='word_1_174' title='bbox 980 1274 1207 1314; x_wconf 69' lang='lat' dir='ltr'>gazophylacii</span> 
     </span>
     <span class='ocr_line' id='line_1_64' title="bbox 929 1322 1221 1363; baseline 0.003 -9"><span class='ocrx_word' id='word_1_175' title='bbox 929 1322 1043 1363; x_wconf 85' lang='lat' dir='ltr'>Magni</span> <span class='ocrx_word' id='word_1_176' title='bbox 1069 1323 1221 1355; x_wconf 89' lang='lat' dir='ltr'>solatium</span> 
     </span>
     <span class='ocr_line' id='line_1_65' title="bbox 967 1371 1300 1414; baseline 0.003 -11"><span class='ocrx_word' id='word_1_177' title='bbox 967 1372 1107 1412; x_wconf 84' lang='lat' dir='ltr'>sumpsit,</span> <span class='ocrx_word' id='word_1_178' title='bbox 1130 1371 1300 1414; x_wconf 56' lang='lat' dir='ltr'>praesidii!</span> 
     </span>
     <span class='ocr_line' id='line_1_66' title="bbox 932 1419 1275 1453; baseline 0 0"><span class='ocrx_word' id='word_1_179' title='bbox 932 1419 1012 1453; x_wconf 79' lang='lat' dir='ltr'>Oum</span> <span class='ocrx_word' id='word_1_180' title='bbox 1037 1420 1100 1452; x_wconf 89' lang='lat' dir='ltr'>sibi</span> <span class='ocrx_word' id='word_1_181' title='bbox 1127 1420 1275 1453; x_wconf 82' lang='lat' dir='ltr'>reddidit,</span> 
     </span>
     <span class='ocr_line' id='line_1_67' title="bbox 979 1468 1388 1510; baseline 0 -10"><span class='ocrx_word' id='word_1_182' title='bbox 979 1469 1137 1510; x_wconf 88' lang='lat' dir='ltr'>scriptum</span> <span class='ocrx_word' id='word_1_183' title='bbox 1161 1468 1388 1510; x_wconf 41' lang='lat' dir='ltr'>chirographi?</span> 
     </span>
     <span class='ocr_line' id='line_1_68' title="bbox 931 1517 1319 1557; baseline 0.003 -8"><span class='ocrx_word' id='word_1_184' title='bbox 931 1517 1025 1557; x_wconf 86' lang='lat' dir='ltr'>Quod</span> <span class='ocrx_word' id='word_1_185' title='bbox 1050 1517 1152 1550; x_wconf 90' lang='lat' dir='ltr'>hostis</span> <span class='ocrx_word' id='word_1_186' title='bbox 1181 1518 1319 1550; x_wconf 86' lang='lat' dir='ltr'>dederat</span> 
     </span>
     <span class='ocr_line' id='line_1_69' title="bbox 977 1566 1287 1599; baseline 0.003 -1"><span class='ocrx_word' id='word_1_187' title='bbox 977 1566 1010 1598; x_wconf 88' lang='lat' dir='ltr'>in</span> <span class='ocrx_word' id='word_1_188' title='bbox 1033 1575 1148 1598; x_wconf 87' lang='lat' dir='ltr'>manus</span> <span class='ocrx_word' id='word_1_189' title='bbox 1174 1566 1287 1599; x_wconf 88' lang='lat' dir='ltr'>invidi.</span> 
     </span>
    </p>
   </div>
   <div class='ocr_carea' id='block_1_16' title="bbox 898 1640 1303 1685">
    <p class='ocr_par' dir='ltr' id='par_1_19' title="bbox 898 1640 1303 1685">
     <span class='ocr_line' id='line_1_70' title="bbox 898 1640 1303 1685; baseline -0.005 -7"><span class='ocrx_word' id='word_1_190' title='bbox 898 1672 905 1678; x_wconf 96' lang='lat'>.</span> <span class='ocrx_word' id='word_1_191' title='bbox 930 1640 975 1678; x_wconf 83' lang='lat' dir='ltr'>Id</span> <span class='ocrx_word' id='word_1_192' title='bbox 1000 1653 1128 1685; x_wconf 86' lang='lat' dir='ltr'>quoque</span> <span class='ocrx_word' id='word_1_193' title='bbox 1153 1644 1303 1677; x_wconf 77' lang='lat' dir='ltr'>sublevet,</span> 
     </span>
    </p>
   </div>
   <div class='ocr_carea' id='block_1_17' title="bbox 930 1693 1338 2021">
    <p class='ocr_par' dir='ltr' id='par_1_20' title="bbox 930 1693 1338 2021">
     <span class='ocr_line' id='line_1_71' title="bbox 978 1693 1310 1734; baseline 0.003 -10"><span class='ocrx_word' id='word_1_194' title='bbox 978 1701 1084 1725; x_wconf 89' lang='lat' dir='ltr'>meam</span> <span class='ocrx_word' id='word_1_195' title='bbox 1109 1693 1310 1734; x_wconf 89' lang='lat' dir='ltr'>progeniem,</span> 
     </span>
     <span class='ocr_line' id='line_1_72' title="bbox 932 1741 1281 1782; baseline 0.006 -9"><span class='ocrx_word' id='word_1_196' title='bbox 932 1741 985 1774; x_wconf 90' lang='lat' dir='ltr'>Ab</span> <span class='ocrx_word' id='word_1_197' title='bbox 1011 1741 1084 1782; x_wconf 87' lang='lat' dir='ltr'>ipso</span> <span class='ocrx_word' id='word_1_198' title='bbox 1111 1751 1281 1775; x_wconf 87' lang='lat' dir='ltr'>removens</span> 
     </span>
     <span class='ocr_line' id='line_1_73' title="bbox 979 1791 1338 1832; baseline 0.003 -10"><span class='ocrx_word' id='word_1_199' title='bbox 979 1799 1107 1822; x_wconf 91' lang='lat' dir='ltr'>omnem</span> <span class='ocrx_word' id='word_1_200' title='bbox 1132 1791 1338 1832; x_wconf 41' lang='lat' dir='ltr'>pauperiem?</span> 
     </span>
     <span class='ocr_line' id='line_1_74' title="bbox 930 1837 1287 1881; baseline 0.003 -10"><span class='ocrx_word' id='word_1_201' title='bbox 930 1837 1105 1872; x_wconf 81' lang='lat' dir='ltr'>Defunctis</span> <span class='ocrx_word' id='word_1_202' title='bbox 1130 1840 1287 1881; x_wconf 84' lang='lat' dir='ltr'>impetret</span> 
     </span>
     <span class='ocr_line' id='line_1_75' title="bbox 978 1889 1320 1930; baseline 0.003 -10"><span class='ocrx_word' id='word_1_203' title='bbox 978 1890 1145 1921; x_wconf 86' lang='lat' dir='ltr'>aeternam</span> <span class='ocrx_word' id='word_1_204' title='bbox 1170 1889 1320 1930; x_wconf 86' lang='lat' dir='ltr'>requiem</span> 
     </span>
     <span class='ocr_line' id='line_1_76' title="bbox 930 1936 1259 1979; baseline 0.006 -11"><span class='ocrx_word' id='word_1_205' title='bbox 930 1936 981 1968; x_wconf 88' lang='lat' dir='ltr'>Ac</span> <span class='ocrx_word' id='word_1_206' title='bbox 1005 1936 1069 1969; x_wconf 90' lang='lat' dir='ltr'>Dei</span> <span class='ocrx_word' id='word_1_207' title='bbox 1094 1938 1259 1979; x_wconf 88' lang='lat' dir='ltr'>perpetim</span> 
     </span>
     <span class='ocr_line' id='line_1_77' title="bbox 979 1985 1249 2021; baseline 0.015 -4"><span class='ocrx_word' id='word_1_208' title='bbox 979 1985 1094 2018; x_wconf 71' lang='lat' dir='ltr'>videre</span> <span class='ocrx_word' id='word_1_209' title='bbox 1121 1985 1249 2021; x_wconf 86' lang='lat' dir='ltr'>faciem.</span> 
     </span>
    </p>
   </div>
   <div class='ocr_carea' id='block_1_18' title="bbox 928 2059 1306 2436">
    <p class='ocr_par' dir='ltr' id='par_1_21' title="bbox 928 2059 1306 2436">
     <span class='ocr_line' id='line_1_78' title="bbox 930 2059 1239 2096; baseline 0.003 -1"><span class='ocrx_word' id='word_1_210' title='bbox 930 2059 1031 2096; x_wconf 84' lang='lat' dir='ltr'>Karis</span> <span class='ocrx_word' id='word_1_211' title='bbox 1057 2062 1239 2096; x_wconf 77' lang='lat' dir='ltr'>fautoribus</span> 
     </span>
     <span class='ocr_line' id='line_1_79' title="bbox 979 2112 1289 2154; baseline 0.01 -11"><span class='ocrx_word' id='word_1_212' title='bbox 979 2115 1012 2143; x_wconf 91' lang='lat' dir='ltr'>et</span> <span class='ocrx_word' id='word_1_213' title='bbox 1035 2112 1289 2154; x_wconf 78' lang='lat' dir='ltr'>contribulibus,</span> 
     </span>
     <span class='ocr_line' id='line_1_80' title="bbox 930 2159 1215 2200; baseline 0.007 -9"><span class='ocrx_word' id='word_1_214' title='bbox 930 2159 1037 2200; x_wconf 81' lang='lat' dir='ltr'>Hujus</span> <span class='ocrx_word' id='word_1_215' title='bbox 1061 2161 1215 2193; x_wconf 88' lang='lat' dir='ltr'>miseriae</span> 
     </span>
     <span class='ocr_line' id='line_1_81' title="bbox 977 2208 1282 2242; baseline 0.007 -2"><span class='ocrx_word' id='word_1_216' title='bbox 977 2208 1048 2242; x_wconf 84' lang='lat' dir='ltr'>vias</span> <span class='ocrx_word' id='word_1_217' title='bbox 1076 2209 1282 2242; x_wconf 82' lang='lat' dir='ltr'>currentibus</span> 
     </span>
     <span class='ocr_line' id='line_1_82' title="bbox 928 2255 1226 2296; baseline 0.007 -9"><span class='ocrx_word' id='word_1_218' title='bbox 928 2255 1005 2288; x_wconf 87' lang='lat' dir='ltr'>Sive</span> <span class='ocrx_word' id='word_1_219' title='bbox 1029 2256 1064 2288; x_wconf 91' lang='lat' dir='ltr'>in</span> <span class='ocrx_word' id='word_1_220' title='bbox 1088 2257 1226 2296; x_wconf 87' lang='lat' dir='ltr'>pulvere</span> 
     </span>
     <span class='ocr_line' id='line_1_83' title="bbox 976 2304 1306 2349; baseline 0.009 -14"><span class='ocrx_word' id='word_1_221' title='bbox 976 2307 1085 2336; x_wconf 87' lang='lat' dir='ltr'>terrae</span> <span class='ocrx_word' id='word_1_222' title='bbox 1106 2304 1306 2349; x_wconf 72' lang='lat' dir='ltr'>Jacentibus,</span> 
     </span>
     <span class='ocr_line' id='line_1_84' title="bbox 928 2351 1188 2385; baseline 0.008 -2"><span class='ocrx_word' id='word_1_223' title='bbox 928 2351 989 2384; x_wconf 93' lang='lat' dir='ltr'>Pie</span> <span class='ocrx_word' id='word_1_224' title='bbox 1013 2352 1188 2385; x_wconf 87' lang='lat' dir='ltr'>subvenias</span> 
     </span>
     <span class='ocr_line' id='line_1_85' title="bbox 977 2399 1268 2436; baseline 0.014 -5"><span class='ocrx_word' id='word_1_225' title='bbox 977 2399 1041 2432; x_wconf 88' lang='lat' dir='ltr'>tuis</span> <span class='ocrx_word' id='word_1_226' title='bbox 1066 2401 1268 2436; x_wconf 85' lang='lat' dir='ltr'>muneribus.</span> 
     </span>
    </p>
   </div>
  </div>
 </body>
</html>
