1656 2674
849 7 898 15 -ιν--

108 91 153 124 87,
174 89 192 120 8
212 92 314 120 redeat
339 90 415 120 fehlt
433 90 468 118 Α,
490 102 526 108 -”
547 85 594 118 89,
616 86 635 115 8
654 95 708 124 pro
729 87 844 114 foribus
865 84 927 113 AB.
949 98 987 103 —-
1010 80 1076 114 106,
1097 79 1114 109 6
1136 80 1290 117 rubigines
1311 77 1387 106 fehlt
1406 76 1450 113 A3

106 131 273 167 rubiginem
299 129 333 159 Β.
362 144 398 149 -
426 127 490 162 113,
515 125 528 155 1
557 126 599 154 Et
625 126 705 154 idem
728 125 763 153 A.
784 141 822 145 —-
843 122 908 157 150,
933 120 952 151 8
972 120 1159 150 melodimita
1178 119 1213 146 A.
1237 133 1273 137 -
1298 116 1362 152 153,
1384 113 1403 144 3
1420 124 1450 144 u.

106 167 126 196 4
150 169 249 198 fehlen
274 169 310 197 A.
337 182 375 188 —-
401 165 464 200 158„
488 165 502 194 1
530 166 577 193 Tu
601 164 678 193 illud
704 164 869 192 concellum
897 162 931 189 A.
960 176 999 181 ——
1027 157 1091 192 160,
1113 159 1132 187 8
1159 158 1201 186 sis
1230 157 1307 185 mihi
1336 157 1389 193 pia
1408 154 1449 190 A;

107 210 230 245 propria
248 208 282 236 Β.
303 223 341 228 -
364 205 426 240 161,
442 203 460 233 3
480 206 527 233 Tu
548 212 666 241 quoque
686 203 721 232 A.
743 217 782 222 —-
803 200 866 237 178,
884 199 901 228 1
924 199 1027 228 credor
1040 199 1075 226 B.
1093 213 1133 218 —-
1152 194 1216 227 178,
1233 195 1252 224 3
1269 195 1329 224 &ed
1341 195 1402 223 Dei
1414 195 1450 223 A.

552 274 599 306 25.
640 272 867 305 Laudatorium
886 269 999 302 B.V.M.

613 329 662 358 Ad
680 330 920 358 Matutinum.

134 438 165 471 1.
192 437 274 478 Ave,
299 436 363 469 Dei
386 434 454 468 filia

242 484 425 526 Christique
451 483 615 526 conclave,

191 533 289 574 Cujus
314 532 497 574 patrocinia

238 581 388 614 redolent
414 589 522 621 suave,

192 631 316 664 Canere
340 629 515 670 praeconia

238 681 294 711 tua
319 678 398 711 mihi
424 676 507 718 fave,

190 728 275 760 Nam
300 728 361 760 hoc
386 730 442 760 tua
467 726 574 768 gratia

237 786 301 809 non
329 779 379 808 est
403 775 483 808 mihi
508 783 615 816 grave.

133 836 165 869 2.
192 837 273 874 Ave,
301 834 476 875 splendens
501 833 671 874 gemmula,

239 883 350 915 Virtus
378 882 529 915 divinalis

192 931 340 964 Servavit
367 941 386 964 a
410 931 537 963 macula

243 983 343 1019 Quam
370 979 535 1021 originalis

191 1028 322 1070 Culpae,
350 1028 408 1061 sed
435 1030 466 1059 et
491 1027 646 1060 scandala

240 1077 354 1110 Noxae
378 1076 515 1110 venialis

191 1125 300 1158 Nescis
331 1134 393 1166 per
419 1124 581 1157 curricula

239 1174 336 1206 Vitae
360 1173 537 1215 virginalis.

136 1233 168 1266 3.
194 1233 266 1264 Ave
292 1240 373 1272 quae
399 1240 431 1263 es
457 1231 547 1271 regia

242 1279 329 1313 Nata
354 1279 532 1320 parentela,

192 1328 289 1370 Cujus
315 1328 486 1370 privilegia

241 1378 280 1411 In
304 1378 368 1410 ista
392 1377 521 1418 loquela

192 1425 342 1470 Concino‚
372 1426 520 1466 contagia

238 1474 325 1515 Mea,
352 1483 480 1515 precor.
507 1473 581 1506 vela

189 1523 236 1556 Et
259 1523 348 1564 mihi,
377 1523 506 1564 egregia

238 1572 341 1614 virgo,
366 1575 400 1604 te
425 1571 546 1604 revela.

129 1633 165 1665 4.
189 1630 272 1670 Ave,
299 1630 390 1670 virgo
416 1629 530 1670 Israel,

239 1679 354 1721 populi
378 1676 496 1715 fidelis,

190 1728 288 1762 Porta
317 1736 413 1768 quam
435 1727 590 1760 Ezechiel

239 1777 313 1810 Suis
338 1775 405 1808 fert
428 1776 577 1817 loquelis,

190 1825 245 1858 Ad
266 1829 300 1858 te
325 1826 456 1857 sanctus
483 1824 618 1857 Gabriel

239 1874 361 1907 Missus
388 1876 439 1905 est
464 1874 505 1905 tle
532 1874 640 1907 caelis,

191 1922 323 1963 Dicens,
351 1925 386 1954 ut.
416 1921 575 1955 Emanuel

240 1970 350 2005 Mater
375 1979 445 2003 esse
471 1970 563 2003 velis.

134 2031 164 2063 5.
191 2030 273 2071 Ave,
302 2030 353 2061 cui
376 2030 509 2069 angelus

239 2078 333 2111 Idem
360 2077 470 2111 dicens
496 2087 565 2119 ave,

192 2125 319 2159 Nomen
346 2126 533 2168 diligentius

240 2174 350 2207 Vertit
372 2176 486 2208 matris
511 2175 613 2219 Evae,

193 2224 315 2256 Precor
340 2227 374 2256 te
400 2223 548 2256 devotius

241 2272 306 2305 Per
330 2272 392 2305 hoc
416 2281 476 2305 ave
501 2280 610 2312 suave,

195 2319 316 2353 Libera
341 2329 391 2353 me
417 2320 546 2362 penitus

242 2368 436 2401 Miserorum
462 2378 482 2402 a
507 2378 579 2404 vae.

831 433 862 465 6.
890 432 963 465 Ave
988 428 1192 463 admirabilis

939 480 979 512 In
1006 478 1193 512 conditione

889 528 935 561 Et
959 526 1158 561 inviolabilis

938 577 978 610 In
1005 575 1226 615 conceptione,

890 626 1024 659 Homini
1048 623 1199 665 perutilis

938 674 977 707 In
1001 672 1229 714 parturitione,

890 722 991 756 Adsis
1018 722 1082 755 tuis
1108 720 1240 754 famulis

941 771 1019 804 Cum
1048 770 1262 811 protectione.

833 831 863 864 7.
890 830 973 869 Ave,
1003 829 1092 870 cujus
1118 828 1208 861 utilis

939 879 1057 912 Partus
1085 878 1120 910 in
1145 876 1260 908 effectu

892 927 971 960 Fuit
996 926 1200 959 admirabilis

940 975 1005 1009 Suo
1032 976 1065 1008 in
1093 976 1262 1015 conceptu.

896 1024 982 1058 Nam
1007 1022 1269 1065 imperceptibilis

940 1073 1003 1106 Est
1026 1072 1067 1105 ab
1092 1072 1273 1108 intellectu,

893 1121 959 1155 Sed
983 1122 1120 1154 multum
1147 1119 1297 1153 amabilis

940 1170 1045 1203 Nobis
1070 1170 1104 1202 in
1129 1168 1257 1203 affectu.

833 1233 864 1265 b.
892 1229 974 1268 Ave,
1001 1228 1098 1262 radix
1124 1227 1268 1269 germine

939 1277 1027 1310 Miro
1056 1277 1220 1313 decorata,

893 1326 946 1359 Ab
972 1329 1105 1359 aeterno
1130 1323 1260 1358 flamine

941 1375 1019 1409 Cum
1047 1383 1081 1407 es
1106 1372 1314 1415 foecundata,

889 1424 966 1457 Meo
995 1433 1064 1456 eum
1091 1423 1253 1465 genimine

938 1473 1039 1506 Salva
1062 1481 1125 1512 me,
1151 1472 1261 1510 beata,

890 1521 1056 1554 Mundans
1080 1530 1139 1554 nos
1166 1530 1187 1552 a
1213 1521 1349 1553 crimine

941 1571 1041 1604 Velut
1066 1570 1238 1602 advocata.

833 1630 865 1663 9,
891 1630 974 1668 Ave,
1003 1629 1103 1662 rubus
1131 1628 1272 1660 coelicae

940 1678 1169 1718 Apparitionis

892 1726 1056 1767 Tempore
1082 1727 1263 1759 dominicae

940 1776 1189 1815 luem-nationis,

893 1822 942 1858 Ob
968 1824 1101 1857 laudem
1124 1823 1335 1865 hymnidicae

941 1873 1048 1914 Hujus
1075 1873 1234 1906 cantionis

893 1921 1022 1955 Memor
1045 1923 1091 1954 sis
1117 1921 1298 1957 catholicae

944 1971 1221 2013 congregationis.

812 2030 869 2064 10.
896 2030 978 2071 Ave,
1006 2039 1024 2062 o
1048 2030 1191 2062 ficulnea

944 2078 1078 2119 Signum
1107 2079 1187 2111 dans
1213 2078 1360 2117 aestatis,

900 2127 981 2161 Cum
1008 2126 1191 2159 circumdas
1218 2127 1336 2159 trabea

944 2175 1061 2209 Carnis
1086 2175 1223 2208 verbum
1248 2176 1365 2218 patris,

895 2224 920 2257 O
949 2224 1063 2256 <lomus
1089 2223 1234 2257 eburnea

944 2272 1084 2306 Sanctae
1108 2273 1277 2318 trinitatis,

882 2320 940 2354 Ad
966 2329 1066 2353 verna
1091 2322 1246 2355 aetherea

882 2404 888 2410 .
942 2369 1016 2402 Duc
1041 2379 1092 2403 me
1119 2380 1192 2403 cum
1216 2371 1334 2408 beatis,
