1656 2674
729 107 994 144 —157—

213 204 244 237 9.
271 203 355 248 Ave,
384 205 487 246 virgo,
516 215 612 247 quam
636 205 787 247 perfudit
895 207 951 241 10.
979 207 1061 248 Ave,
1088 215 1209 247 sponsa
1234 205 1412 247 virginalis,

321 253 433 295 Larga
461 254 656 298 benedictio,
1026 257 1107 289 Post
1131 255 1236 288 Deum
1262 263 1336 296 spes
1360 254 1467 295 unica,

271 300 342 341 Qua
368 302 506 344 deletur,
535 313 631 344 quam
655 303 788 336 induxit
979 305 1128 338 Clemens
1155 306 1188 336 et
1212 303 1403 345 imperialis,

318 350 402 392 Eva,
428 352 628 396 maledictio,
1027 352 1127 392 Audi,
1154 354 1269 392 mater,
1297 351 1433 391 cantica,

271 397 378 431 Aufer
402 400 500 440 mala,
529 409 612 441 quae
634 401 702 442 J'am
730 401 822 434 cudit
978 400 1110 434 Cunctis
1134 403 1206 432 tuta
1230 410 1288 432 nos
1314 409 1334 432 a
1357 398 1452 431 malis

321 446 463 481 Satanae
487 449 628 483 vexatio.
1025 449 1234 490 Impetraque
1260 448 1391 481 coelica.

833 536 878 571 ΙΙ.

187 602 245 637 11.
275 601 391 636 Gaude
416 603 449 635 in
476 612 540 643 qua
560 604 716 637 novitatis
894 604 951 638 16.
981 603 1113 643 Gaude,
1141 604 1238 636 stella
1261 604 1394 645 gignens
1420 602 1534 644 solem,

325 651 493 684 Prodeunt
515 652 683 692 miracula,
1025 652 1198 685 Hominem
1225 652 1273 684 sic
1297 659 1441 691 reparas,

274 699 409 732 Priscae
435 708 518 740 quae
543 699 747 741 antiquitatis
980 700 1115 740 Quando
1141 700 1204 733 Dei
1229 701 1334 741 patris
1360 700 1486 740 prolem

321 748 396 780 Non
421 753 584 782 noverunt,
609 748 749 792 saecula,
1027 749 1126 790 Virgo
1151 757 1286 781 manens
1312 756 1458 790 generas,

270 796 406 836 Quando
435 794 475 828 fis
504 796 685 830 divinitatis
978 797 1153 838 Culparum
1178 800 1362 829 nostrarum
1384 796 1501 828 molem

319 844 548 886 Sempiternae
573 845 696 886 gerula.
1024 846 1095 878 Tua
1118 854 1217 886 prece
1242 843 1381 877 auferas.

185 897 242 932 12.
272 897 398 942 Gaude,
425 898 528 939 virgo,
555 901 652 939 porta
678 899 798 939 clausa,
893 899 949 932 17.
978 898 1103 938 Gaude,
1132 898 1272 931 dulciter
1296 896 1394 930 affata

320 947 422 988 Quam
448 956 542 979 nemo
568 947 707 988 aperuit,
1026 948 1090 981 Ore
1116 946 1238 980 Christi
1265 945 1420 985 erebrius,

273 994 454 1029 Salvatoris
480 996 585 1028 nostri
609 1004 722 1038 pausa,
977 996 1122 1030 Caritate
1147 995 1298 1027 ordinata

317 1044 379 1084 Qui
403 1047 438 1076 te
463 1044 553 1076 solus
578 1043 721 1083 transiit,
1024 1043 1222 1083 Cunctisque
1244 1041 1431 1082 virtutibus,

271 1092 332 1132 Qui
358 1092 474 1125 salutis
500 1095 634 1124 nostrae
661 1100 758 1123 causa
974 1091 1057 1132 Ejus
1085 1091 1202 1125 dextra
1226 1091 1422 1131 amplexata,

318 1141 382 1173 Est
407 1143 440 1174 et
465 1149 594 1181 semper
620 1140 757 1173 exstitit.
1022 1139 1125 1173 Modo
1150 1139 1185 1171 in
1212 1138 1415 1171 coelestibus.

182 1194 239 1228 13.
272 1193 397 1238 Gaude,
425 1192 509 1236 fons,
538 1203 599 1234 quo
625 1192 759 1234 pietatis
891 1193 946 1226 18.
975 1192 1100 1236 Gaude,
1127 1192 1178 1224 bis
1204 1201 1261 1224 sex
1287 1193 1441 1224 coronata

315 1243 420 1275 Rivus
447 1242 599 1283 clangens
627 1238 741 1282 effluit,
1023 1240 1134 1274 Stellis
1159 1239 1346 1275 honorifice,

268 1289 385 1324 Proles
411 1291 541 1332 quando
567 1289 683 1323 summi
708 1289 812 1330 patris
973 1289 1059 1322 Vero
1086 1289 1155 1322 sole
1181 1288 1392 1328 circumdata,

318 1339 356 1372 In
383 1342 417 1372 te
443 1348 570 1371 carnem
598 1337 716 1379 induit,
1023 1337 1166 1379 Gignens
1191 1337 1278 1369 hunc
1301 1334 1449 1377 mirifice,

269 1388 339 1428 Qua
365 1387 536 1421 credentes
562 1397 582 1419 a
606 1387 752 1428 peccatis
972 1386 1067 1419 Luna
1091 1385 1232 1427 pedibus
1258 1385 1425 1418 substrata

315 1436 490 1469 Moriendo
519 1436 632 1471 abluit.
1020 1435 1100 1467 Tuis
1128 1436 1235 1467 exstat
1259 1433 1407 1476 mystice.

181 1491 239 1525 14.
268 1489 396 1531 Gaude,
417 1492 522 1523 mater
548 1490 620 1521 sine
643 1488 716 1530 lege
887 1487 945 1521 19.
972 1487 1099 1528 Gaude,
1125 1488 1230 1528 virgo,
1256 1495 1354 1528 quam
1377 1486 1500 1526 rigavit

315 1538 486 1579 Conjugali
510 1538 653 1579 pariens,
1021 1537 1088 1569 Ros
1116 1536 1245 1569 divinus
1273 1534 1421 1577 dulciter,

261 1587 364 1620 Modo
391 1596 500 1620 coram
526 1595 650 1619 summo
676 1594 754 1626 rege
968 1585 1014 1618 Et
1038 1586 1195 1618 humanas
1222 1585 1336 1617 sordes
1361 1583 1444 1616 lavit

309 1635 474 1669 Melodias
502 1635 685 1674 concinens,
1019 1634 1080 1673 Qui
1105 1633 1374 1675 misericorditer,

262 1685 365 1718 Omne
390 1684 542 1718 vitiosum
567 1687 641 1726 tege
967 1682 1066 1715 Hunc
1089 1682 1236 1715 mamilla
1259 1684 1316 1714 tua
1341 1680 1433 1721 pavit

310 1734 342 1766 A
367 1733 461 1766 bonis
486 1732 680 1773 impediens.
1018 1732 1121 1765 Caute
1147 1733 1180 1762 et,
1204 1731 1376 1771 sagaciter.

177 1788 234 1821 15.
264 1786 391 1829 Gaude,
419 1785 511 1827 virgo
538 1785 723 1826 singularis,
883 1785 939 1820 20.
967 1784 1093 1821 Gaude,
1121 1793 1256 1826 gemma,
1283 1781 1482 1823 margaritae

310 1836 435 1869 Ornata
459 1834 646 1875 virtutibus,
1014 1833 1168 1865 Formam
1194 1832 1326 1864 vincens
1352 1831 1463 1871 specie

262 1884 416 1918 Gloriosa
439 1883 644 1924 praedicaris
966 1881 1155 1915 Nominaris
1180 1884 1286 1913 mater
1311 1879 1375 1912 rite

308 1934 404 1968 Juste
430 1942 449 1965 a
471 1931 637 1972 fidelibus,
1017 1929 1149 1973 Christi,
1176 1929 1262 1970 regis
1289 1928 1421 1970 gloriae,

261 1982 344 2022 Quia
368 1982 475 2015 Deum
499 1981 594 2014 nobis
620 1980 710 2021 paris
966 1980 1036 2013 Fac
1060 1978 1197 2012 inscribi
1222 1978 1307 2011 libro
1333 1977 1421 2009 vitae

310 2030 417 2065 Castis
444 2039 484 2063 ex
511 2030 701 2063 visceribus,
1016 2027 1064 2061 Te
1088 2027 1261 2061 laudantes
1288 2026 1397 2060 hodie.

818 2116 882 2152 ΙΙΙ,

172 2189 228 2225 21.
256 2189 351 2230 Vale,
381 2187 487 2222 dulcis
514 2191 547 2220 et
570 2186 678 2228 beata,
882 2185 937 2218 22.
965 2184 1057 2224 Vale,
1087 2184 1178 2223 cujus
1203 2183 1441 2224 proloquuntur

305 2237 388 2279 Spes
413 2238 448 2270 in
472 2240 506 2269 te
529 2235 742 2277 sperantium,
1013 2233 1136 2266 Natmn
1162 2235 1273 2264 vatum
1299 2231 1454 2272 carmina,

254 2286 457 2320 Devotorum
483 2286 636 2319 ordinata
966 2281 1183 2322 Gloriosaque
1210 2281 1363 2314 dicuntur

303 2336 399 2371 Salus
423 2334 660 2369 infirmantium
1012 2331 1064 2365 De
1087 2334 1129 2370 te,
1158 2330 1271 2363 mundi
1299 2329 1439 2369 domina,

254 2386 301 2419 Et
324 2384 460 2427 periclis
486 2385 586 2419 maris
614 2384 694 2417 data
963 2381 1089 2421 Preme,
1117 2379 1173 2421 qui
1197 2389 1256 2412 nos
1273 2381 1525 2420 persequuntur,

303 2435 426 2468 Remus
451 2433 686 2476 navigantium.
1012 2429 1166 2464 Hostium
1191 2428 1367 2463 molimina.
