1656 2674
182 166 236 200 11.
262 163 382 201 Lassos
408 165 544 206 reficiat,

314 215 408 247 sedet
434 214 640 255 discordiam,

265 263 418 297 Livorem
444 262 572 296 auferat

314 314 346 345 et
369 311 581 352 iracundiam,

263 361 305 394 111
329 360 538 393 tribulamine

307 410 401 450 juvet
426 408 604 451 ecclesiam,

262 457 316 491 Ab
344 465 382 489 ea
406 457 571 490 dimovens

314 514 439 539 omnem
468 505 640 538 miseriam.

185 594 239 627 12.
267 591 405 628 Mundet
429 596 462 625 et
486 592 636 632 squalida

316 642 414 674 corda
440 651 460 673 a
484 640 584 681 vitiis,

265 689 387 730 Quibus
413 689 628 722 sordescimus

312 740 346 771 in
373 737 587 777 conscientiis,

266 787 339 820 Suis
365 786 529 827 torpentia

315 835 471 869 accendat
497 834 610 875 gratiis

263 883 309 917 Et
333 886 442 915 servet
466 882 614 915 omnibus

337 941 356 963 a
381 931 595 972 negligentiis.

185 1015 239 1049 13.
267 1011 318 1049 Ne
341 1012 426 1046 forte
451 1013 605 1046 decidant

314 1065 503 1104 spernentes
528 1062 667 1106 modica,

267 1111 440 1145 Currentes
468 1110 594 1143 fervide

313 1167 373 1201 per
397 1160 510 1192 mundi
535 1158 670 1201 lubrica,

264 1208 311 1241 Et
335 1207 383 1239 sic
406 1207 602 1248 perveniant

314 1256 446 1289 tandem
471 1256 513 1289 ad
536 1256 686 1296 maxima,

264 1305 386 1345 Quibus
411 1303 554 1337 finaliter

314 1353 439 1386 vadunt
462 1354 496 1385 in
520 1356 654 1388 tartara.

184 1435 239 1468 14.
269 1432 294 1470 Ο
316 1444 406 1468 amor
430 1436 543 1468 inclite

316 1484 431 1516 beatae
456 1484 601 1526 virginis,

267 1532 320 1565 Ex
346 1531 547 1565 abundantia

315 1584 391 1613 tuae
417 1581 599 1614 dulcedinis

269 1629 382 1662 Nostri
408 1631 576 1663 acedinem

316 1678 444 1718 depelle
471 1678 625 1720 criminis,

266 1726 313 1759 Et
337 1735 474 1768 poenam
499 1728 643 1768 perpetis

317 1775 554 1809 amaritudinis,

182 1861 238 1895 15.
263 1858 364 1896 Ponis
389 1863 591 1904 propheticis

315 1910 427 1951 figuris
452 1912 636 1956 terminum,

270 1959 348 1992 Cum
373 1962 505 1993 nostrae
527 1970 662 2001 generas

318 2008 433 2048 culpae
453 2010 643 2052 remedium,

267 2057 454 2098 Precamur,
485 2058 592 2098 abjice

317 2114 403 2138 nunc
429 2107 664 2150 exterminium,

272 2152 419 2187 Gravans
446 2155 602 2188 ecclesiae

319 2206 451 2235 sanctae
477 2204 656 2246 collegium.

265 2296 344 2332 Orat,
372 2306 425 2326 ms.
456 2300 656 2336 Tegrinsense
676 2309 753 2330 saec.
781 2301 826 2331 15.
857 2303 932 2332 Clm.
957 2305 1076 2333 Monac.
1103 2303 1212 2334 19824.
1238 2305 1290 2334 fol.
1316 2305 1354 2336 45
1381 2316 1408 2335 a.
1433 2308 1469 2335 A.
1493 2322 1532 2326 —

716 64 983 102 —116—

878 163 935 198 16.
964 161 1095 203 Quippe
1120 160 1314 194 altrinsecus

1010 210 1104 251 plebs
1128 210 1197 250 jam
1224 208 1391 241 catholica

964 257 1096 292 Perfert
1120 256 1275 291 flebiliter

1011 307 1115 339 multa
1139 306 1323 349 tyrannica,

964 356 1093 397 Nempe
1117 354 1300 389 forinsecus

1012 404 1100 437 bella
1121 403 1291 446 paganica,

963 454 1055 487 Intus
1082 453 1192 486 civilia

1009 502 1187 543 mundique
1212 501 1353 534 lubrica.

880 590 937 624 17.
964 588 1169 631 Regnantem
1195 589 1339 630 undique

1010 638 1045 672 in
1070 638 1185 671 mundi
1206 637 1362 670 machina

964 687 1068 720 Nobis
1095 686 1270 720 concilient,

1012 738 1069 768 tua
1093 735 1293 776 precamina,

963 784 1156 825 Propellant
1180 784 1323 817 hostium

1012 835 1129 865 cuncta
1152 832 1330 873 molimina,

963 881 1110 914 Virtutes
1134 882 1282 913 inserant.

1012 929 1185 963 absolvant
1211 929 1361 963 crimina,

880 1012 936 1047 18.
964 1010 1086 1053 Stirpis
1112 1011 1294 1045 Davidicae

1014 1069 1147 1103 germen
1172 1060 1323 1103 amabile,

965 1110 1090 1143 Ferens
1115 1110 1150 1142 in
1176 1110 1290 1150 stipite

1016 1158 1114 1191 decus
1140 1158 1302 1201 mirabile,

964 1207 1072 1241 Aulae
1092 1207 1243 1240 sidereae

1014 1256 1100 1296 quod
1126 1265 1261 1298 regnum
1286 1256 1409 1289 stabile

965 1305 1063 1345 Regit
1088 1307 1121 1337 et
1136 1303 1266 1346 perficit

1014 1362 1108 1385 omne
1136 1353 1287 1386 creabile.

883 1436 938 1470 19.
967 1435 1058 1472 Tuae
1080 1437 1210 1478 largitio

1012 1488 1180 1518 maternae
1204 1486 1331 1526 gratiae

967 1534 1106 1575 Clangor
1133 1538 1182 1567 est
1207 1534 1365 1568 buccinae

1016 1591 1134 1615 sonans
1159 1582 1307 1626 mirifice,

965 1633 1102 1665 Praesta
1126 1632 1277 1664 solatium

1013 1684 1089 1713 tuae
1115 1681 1306 1714 clementiae

967 1731 1007 1763 In
1033 1729 1121 1762 valle
1142 1730 1319 1770 plurimum

1017 1779 1140 1820 pressis
1165 1778 1327 1812 miseriae.

884 1868 939 1901 20.
967 1863 1071 1907 Virgo
1096 1867 1294 1909 dulcissima,

1020 1915 1074 1947 dic
1097 1917 1317 1956 pusillanimis

970 1964 1100 1998 Summe
1124 1966 1335 2005 precantibus

1016 2014 1105 2046 mitis
1132 2017 1165 2046 et
1190 2013 1338 2048 humilis:

967 2062 1088 2097 Venite
1110 2071 1262 2106 propere,

1017 2120 1076 2143 vos
1102 2112 1157 2152 qui
1181 2121 1235 2145 me
1258 2113 1388 2154 cupitis,

970 2160 1056 2193 Nolo
1083 2160 1235 2193 deserere

1016 2217 1074 2240 vos
1099 2209 1134 2241 in
1160 2210 1330 2251 angustiis.

190 2333 271 2363 Orat.
291 2345 346 2364 ms.
366 2336 567 2374 Tegrinsense
586 2348 663 2368 saec.
686 2338 731 2368 15.
753 2341 828 2370 Clm.
845 2343 964 2371 Monac.
986 2342 1096 2373 20001.
1117 2344 1168 2373 fol.
1194 2343 1252 2374 104
1270 2346 1300 2374 b.
1321 2347 1355 2376 B.
