1656 2674
714 95 981 132 -173—

255 190 337 218 Orat.
353 200 398 220 ms
412 192 596 228 'Regin-inum
611 201 688 223 saec.
705 191 749 222 15.
766 194 838 222 Cim.
852 194 969 223 Monac.
989 193 1087 224 19524
1100 195 1151 222 sal.
1168 192 1224 223 236
1242 196 1269 224 b.
1284 209 1322 215 ——·
1339 193 1385 230 7‚1
1403 196 1523 231 egsegia

174 228 230 257 Hs.
254 245 289 250 —
312 227 359 264 26
382 231 530 268 capiebat.
553 232 607 260 Hs.

701 326 749 358 53.
790 326 959 359 Rosarium
979 327 1008 360 3.

177 486 210 518 1.
239 484 339 524 Quem
367 494 439 518 cum
461 486 529 526 jam
555 486 753 519 tricesimum

286 543 406 566 annum
431 535 605 577 inchoavit,

239 581 405 615 {Iohannes
431 583 678 616 mundissimum

288 640 382 663 amne
407 631 598 672 baptizavit,

239 678 583 712 Convenientissimum

283 727 415 760 modum
443 727 491 759 sic
513 729 716 771 monstravit,

235 774 392 807 Nostrum
417 784 479 816 quo
498 777 715 809 miserrimum

288 825 407 856 statum
434 824 610 864 reparavit.

176 884 207 916 2.
236 882 296 921 Qui
322 884 436 915 auctor
461 885 510 914 est
533 882 701 916 fluminum

274 930 365 964 venit.
390 932 432 964 ad
457 931 646 972 Jordanem‚

238 978 335 1011 Velut
362 988 475 1012 servus
504 980 668 1013 dominum

284 1027 382 1068 petiit
406 1028 597 1068 :iohannem

237 1076 283 1109 Ut
309 1077 447 1109 lotorem
474 1077 644 1110 criminum

282 1129 446 1166 mergeret
470 1126 504 1158 in
530 1135 667 1167 amnem⁷

236 1173 297 1213 Qui
322 1175 498 1207 mundaret
522 1175 686 1208 hominum

286 1231 453 1255 excessum
479 1223 662 1256 immanem.

174 1283 205 1315 3.
234 1280 294 1321 Qui
320 1280 361 1314 ab
387 1290 472 1323 aqua
497 1283 620 1322 gratiae

282 1330 367 1363 lotus
395 1339 465 1363 cum
490 1331 646 1371 ascendit,

233 1379 273 1411 In
303 1378 472 1412 columbae
497 1377 607 1419 specie

285 1427 418 1468 spiritus
445 1427 625 1468 descendit,

234 1475 316 1516 Ejus
341 1475 546 1509 innocentiae

289 1526 386 1566 caput
411 1525 639 1569 apprehendit,

235 1572 289 1606 Sic
313 1575 471 1615 paternae
493 1575 617 1615 gloriae

282 1621 384 1655 filium
410 1623 562 1657 ostendit.

174 1681 206 1715 4.
236 1681 297 1721 Qui
319 1679 378 1714 flos
405 1685 456 1714 est.
479 1682 639 1714 mirabilis

283 1738 377 1771 quem
404 1734 439 1762 tu
464 1731 661 1771 produxisti,

231 1778 333 1820 Virgo
359 1778 453 1811 Jesse
479 1777 608 1819 fertilis,

285 1836 357 1860 cum
381 1827 468 1860 hunc
493 1828 642 1869 genuisti,

232 1876 264 1908 A
289 1877 410 1909 nostris
436 1876 575 1918 piaculis

283 1925 331 1957 sic
355 1935 413 1958 nos
438 1925 619 1966 absolvisti,

235 1973 348 2006 Tantis
374 1974 407 2006 in
433 1975 588 2016 periculis

284 2024 429 2056 solamen
457 2024 587 2057 dedisti.

175 2085 207 2117 5.
238 2081 345 2123 Super
370 2091 475 2125 quem,
505 2083 676 2115 clementia

282 2131 385 2172 patris
412 2136 449 2164 ut
473 2131 630 2174 decrevit,

234 2178 443 2221 septiformis
468 2181 575 2221 gratia

281 2229 417 2271 spiritus
443 2229 575 2272 quievit,

231 2279 501 2313 Inconvenientia

281 2328 384 2362 multa
409 2338 473 2370 qua
500 2328 631 2368 delevit,

233 2378 335 2411 Satan
359 2387 398 2410 ex
424 2378 546 2411 astutia

286 2436 344 2460 sua
370 2436 453 2468 quae
478 2428 608 2461 insevit.

907 489 939 522 6.
967 488 1005 520 In
1032 496 1093 529 quo
1120 488 1355 529 complacentia

879 2081 933 2116 10.

1011 536 1097 577 patri
1123 536 1285 577 specialis,

965 584 1050 617 Vera
1073 584 1108 616 in
1134 586 1273 617 essentia

1011 634 1062 666 cui
1089 637 1138 666 est.
1160 635 1314 673 aequalis,

961 681 1013 713 Ex
1041 682 1263 715 convenientia

1009 733 1103 762 natus
1128 731 1296 771 naturalis,

961 777 1013 811 Ex
1039 777 1258 811 indifferentia

1014 827 1299 860 consubstantialis

928 911 936 919 .
964 885 1024 923 Qui
1049 885 1204 917 instinctu
1230 885 1363 926 spiritus

1012 933 1116 965 sancti
1140 934 1174 965 in
1202 933 1364 966 desertum

963 980 1152 1014 Ducebatur
1176 982 1326 1023 primitus

1013 1030 1076 1062 sibi
1100 1029 1315 1071 inexpertum,

962 1078 1026 1111 Per
1051 1080 1214 1111 tentamen
1236 1079 1369 1111 zabulus

1010 1127 1080 1159 adit
1105 1127 1191 1160 hunc
1216 1130 1373 1167 apertum,

964 1174 1081 1207 Utrum
1106 1175 1169 1207 Dei
1194 1174 1279 1208 filius

1010 1224 1062 1264 sit,
1090 1233 1154 1256 non
1179 1225 1302 1257 habens
1329 1227 1461 1259 certum.

929 1310 935 1316 .
963 1281 1023 1322 Qui
1049 1281 1112 1314 fuit
1135 1282 1263 1315 trifarie

1012 1330 1052 1363 ab
1078 1330 1173 1363 hoste
1197 1335 1341 1365 tentatus

962 1378 1032 1411 Nec
1058 1379 1127 1421 ejus
1151 1379 1302 1413 fallaciae

1009 1426 1127 1460 fraude
1150 1434 1332 1473 superatus,

963 1475 1027 1509 Sed
1054 1476 1163 1510 verbis
1188 1479 1383 1518 prudentiae

1012 1525 1135 1558 Christi
1160 1531 1209 1559 est
1235 1525 1375 1568 fugatus,

959 1573 1046 1606 Hinc
1071 1574 1176 1607 turbis
1201 1575 1337 1609 militiae

1009 1622 1091 1656 coeli
1114 1623 1301 1658 honoratus.

927 1707 934 1715 .
963 1680 1025 1721 Qui
1041 1681 1135 1722 panis
1163 1683 1284 1721 esuriit,

1010 1733 1045 1762 ut
1067 1739 1126 1763 nos
1152 1730 1297 1774 satiaret,

962 1777 1097 1811 Gratiae
1122 1778 1194 1812 fons
1220 1780 1313 1821 sitiit,

1009 1831 1047 1859 ut
1070 1836 1128 1860 nos
1157 1828 1330 1867 debriaret,

959 1875 1067 1909 Multa
1092 1880 1217 1910 moesta
1243 1878 1353 1920 subiit,

1009 1927 1046 1957 ut.
1071 1934 1128 1958 nos
1155 1925 1357 1969 laetificaret,

961 1973 1025 2006 Per
1050 1984 1203 2015 pavorem
1230 1976 1368 2018 transiit,

1008 2026 1045 2055 ut
1071 2032 1131 2056 nos
1159 2022 1367 2058 confortaret.

962 2081 1023 2122 Qui
1048 2083 1191 2115 adventu
1215 2084 1346 2124 nuptias

1010 2141 1066 2164 suo
1095 2133 1295 2165 consecravit

960 2179 1007 2214 Et
1029 2181 1193 2222 signorum
1220 2184 1342 2221 gratias

1008 2229 1055 2261 ibi
1080 2229 1254 2269 inchoavit,

961 2277 1046 2312 Nam
1073 2287 1131 2311 sex
1154 2288 1258 2321 aquae
1282 2279 1419 2322 hydrias

1009 2328 1043 2360 in
1069 2327 1179 2361 vinum
1205 2329 1353 2369 mutavit,

962 2376 1100 2410 Suorum
1125 2377 1173 2410 sic
1198 2377 1322 2412 animas

1011 2427 1074 2460 sibi
1101 2427 1275 2469 copulavit.
