1656 2674
175 213 239 246 37.

175 510 238 544 38.

175 904 239 937 41.

180 1201 238 1233 42.

174 1498 238 1531 43.

173 1795 236 1828 44.

172 2095 236 2129 45.

720 120 988 156 —159—

266 213 403 252 Plaude,
430 215 533 258 virgo,
562 217 682 250 rubens
708 227 783 251 rosa
888 221 945 254 39.

314 263 359 295 Et
385 264 521 305 pudoris
547 266 662 307 lilium,

266 311 398 344 Intrans
426 314 508 346 coeli
534 315 690 355 gaudiosa

318 361 459 394 Inducta
483 371 545 402 per
568 361 682 403 filium,

266 409 305 441 In
331 409 394 441 hac
419 411 506 442 valle
530 411 705 444 lacrimoso

315 457 420 490 Nobis
447 457 499 491 fer
524 460 690 492 auxilium.

267 510 402 556 Plaude,
430 517 536 545 mater
560 513 647 554 regis
673 513 782 555 magni
886 516 944 549 40.

312 559 493 601 Regnantis
518 561 553 593 in
576 562 714 604 superis,

266 607 363 640 Nunc
388 609 423 641 in
448 618 548 650 regno
572 609 635 642 Dei
661 610 737 651 agni

316 656 479 690 Residens
503 658 537 689 in
565 658 719 696 dexteris,

266 704 318 737 Ne
342 714 402 738 nos
428 714 554 746 poenae
577 706 690 739 tradat
706 706 822 748 stagni,

314 753 365 785 Tu
390 763 544 786 succurre
569 755 708 788 miseris.

836 841 875 876 V.

266 904 374 943 Salve,
401 914 547 946 surgens,
575 914 593 937 o
622 905 750 946 decora,
885 906 942 939 46.

315 953 429 985 Nobili
453 954 599 994 progeni,

265 1000 366 1034 Mane
391 1002 493 1034 veluti
518 1011 648 1044 aurora,

314 1050 466 1083 Rutilans
491 1051 526 1082 in
550 1050 644 1086 facie,

265 1099 366 1139 Apud
393 1097 494 1131 filium
522 1099 663 1140 implora

313 1146 418 1179 Nobis
447 1147 565 1179 donum
591 1147 726 1187 gratiae.

267 1199 374 1240 Salve,
401 1204 515 1243 mater,
543 1201 633 1233 salve
660 1201 811 1241 clemens,
885 1200 941 1233 4¹7.

316 1248 414 1282 Salve
438 1249 538 1289 plena
561 1249 678 1289 gratia,

265 1297 321 1330 Ad
348 1307 444 1339 quam
460 1301 555 1329 santa
576 1297 675 1329 corde
695 1305 825 1338 gemens

313 1345 466 1386 Suspirat
491 1346 639 1389 ecclesia,

265 1396 367 1436 Quam
393 1397 529 1427 conatur
553 1394 657 1427 hostis
683 1393 825 1426 fremens

311 1443 442 1476 Ducere
467 1444 501 1475 in
526 1443 625 1476 invia.

267 1497 373 1531 Salve.
402 1498 492 1538 eujus
517 1506 598 1538 prae
620 1504 731 1529 amore
883 1497 940 1530 48.

315 1546 387 1578 Vox
415 1549 465 1578 est
490 1544 578 1578 facta
602 1545 769 1586 languida,

265 1594 370 1635 Caput
394 1598 485 1627 tuum
511 1595 644 1635 plenum
669 1602 745 1626 rore

314 1643 462 1676 Distillat
488 1646 646 1678 aromata.

265 1691 373 1725 Corda
397 1694 511 1724 nostra
535 1701 595 1733 pro
622 1692 745 1724 honore

313 1740 383 1773 Tuo
413 1750 493 1773 sana
518 1740 679 1773 morbida.

266 1794 372 1836 Salve,
401 1794 503 1826 saltus
530 1803 548 1826 o
574 1793 727 1836 vernaliS‚
883 1794 941 1826 49.

313 1842 468 1876 Floridus
494 1842 681 1882 virtutibus,

264 1892 303 1925 In
330 1901 392 1933 quo
419 1901 504 1932 rosa,
532 1889 591 1924 flos
618 1890 750 1933 regalis,

312 1941 454 1974 Redolet
479 1949 561 1982 prae
587 1940 746 1980 omnibus,

264 1991 369 2023 Amor
394 1993 469 2022 tuus
494 1989 685 2023 maternalis

311 2039 384 2072 Jam
412 2041 584 2071 succurrat
608 2038 769 2070 tristibus.

264 2094 373 2135 Salve,
403 2102 536 2134 campus
563 2092 686 2125 liliatus
885 2094 943 2127 50.

310 2143 413 2176 Flore
438 2141 619 2183 pudicitiae

259 2191 484 2233 Hortulusque
509 2191 664 2232 irrigatus

309 2241 417 2274 Fonte
442 2240 634 2282 sapientiae,

259 2289 471 2324 Reformetur
495 2299 558 2331 quo
585 2292 618 2322 et
643 2291 748 2321 status

306 2339 413 2373 Miser
435 2340 504 2381 jam
529 2338 697 2379 ecclesiae,

974 220 1108 259 Plaude,
1136 220 1243 264 virgo,
1273 228 1412 261 regnans
1440 219 1527 252 clare

1019 268 1120 301 Modo
1145 277 1242 309 super
1267 268 1385 306 sidera,

972 316 1041 349 Nos
1069 317 1205 359 dignare
1230 320 1262 348 te
1286 316 1432 357 laudare,

1020 365 1045 398 Ο
1073 365 1197 399 Christi
1221 373 1393 405 puerpera,

970 414 1021 446 Ac
1047 414 1223 446 clementer
1249 413 1381 454 expiare

1019 462 1145 496 Cuncta
1169 464 1282 494 nostra
1306 462 1440 494 scelera.

970 515 1107 553 Plaude,
1134 516 1279 555 prudens
1305 523 1323 546 o
1347 514 1467 556 Maria,

1020 563 1182 604 Sidusque
1207 561 1392 602 mirificum,

970 611 1023 643 Da
1046 611 1141 644 finita
1163 612 1250 644 vitae
1274 612 1329 644 via.

1019 660 1065 692 Et
1088 660 1195 692 carnis
1220 662 1296 701 post
1319 658 1481 691 lubricum

971 707 1192 748 Speculemur,
1220 709 1310 748 virgo
1339 708 1402 746 dia,

1017 756 1138 788 Tecum
1163 765 1282 788 numen
1309 756 1475 790 coelicum.

971 906 1077 947 Salve,
1105 909 1218 947 mater,
1247 915 1265 939 o
1291 906 1409 946 Maria,

1017 955 1182 996 Virgoque
1209 955 1347 998 egregia,

972 1003 1052 1036 Orta
1077 1003 1266 1044 genealogia

1018 1051 1158 1084 Davidis
1185 1060 1225 1083 ex
1250 1051 1350 1095 regia,

970 1099 1069 1132 Salva
1094 1102 1202 1131 mente
1227 1098 1334 1132 fantes
1359 1100 1415 1139 pia

1019 1149 1091 1181 Tua
1115 1148 1300 1189 privilegia.

969 1199 1076 1238 Salve,
1103 1201 1216 1241 regina
1244 1201 1368 1233 decora.

1018 1248 1121 1281 Justis
1147 1249 1382 1292 convertibilis,

969 1297 1120 1329 Rutilans
1148 1298 1235 1330 velut
1262 1307 1389 1337 aurora,

1020 1346 1161 1379 Satanae
1185 1345 1343 1378 terribilis

968 1393 1030 1433 Da,
1057 1403 1099 1426 ne
1123 1394 1236 1426 laedat
1259 1394 1374 1426 mortis
1401 1394 1481 1427 hora

1018 1442 1087 1475 Nos
1112 1443 1170 1475 ille
1194 1443 1374 1478 horribilis,

970 1496 1076 1536 Salve,
1104 1497 1206 1537 virgo,
1234 1497 1325 1528 salve
1350 1496 1438 1528 mitis

1014 1545 1125 1577 Mater
1150 1545 1267 1577 summi
1289 1545 1440 1584 numinis,

967 1593 1071 1626 Nobis
1096 1602 1219 1634 pravae
1243 1593 1381 1625 irretitis

1017 1643 1123 1683 Culpa
1146 1642 1372 1683 turpitudinis.

968 1691 1022 1723 Da
1045 1691 1160 1724 videre
1185 1700 1271 1723 nunc
1298 1690 1446 1723 contritis

1016 1740 1150 1772 Vultum
1176 1740 1246 1772 veri
1271 1739 1413 1773 luminis.

969 1793 1076 1833 Salve,
1102 1793 1196 1825 bonis
1221 1793 1352 1833 plenum
1380 1793 1503 1825 cunctis

1018 1842 1150 1874 Domini
1175 1841 1364 1882 sacrarium,

969 1891 1034 1924 Pro
1060 1891 1204 1931 peccatis
1228 1890 1295 1931 jam
1325 1890 1527 1930 compunctis

1020 1939 1110 1973 Coeli
1137 1940 1219 1972 dans
1245 1939 1408 1978 solatium,

969 1988 1100 2021 Nostn's
1126 1989 1209 2021 vivis
1236 1996 1275 2020 ac
1302 1986 1463 2020 defunctis

1021 2037 1157 2078 Semper
1184 2037 1228 2069 sis
1253 2036 1465 2077 praesidium.

970 2092 1078 2132 Salve,
1107 2091 1211 2124 dulcis
1238 2100 1256 2123 ο
1282 2090 1402 2132 Maria,

1017 2140 1141 2173 Nostra
1166 2149 1242 2181 spes
1269 2142 1301 2172 et
1328 2139 1468 2180 domina,

968 2190 1071 2231 Quam
1099 2189 1263 2221 collaudat
1289 2190 1399 2220 mente
1425 2188 1481 2228 pia

1017 2238 1119 2271 Trina
1143 2246 1252 2270 rerum
1277 2237 1438 2280 machina,

966 2287 1041 2321 Duc
1065 2296 1124 2320 nos
1151 2287 1213 2319 hac
1236 2285 1331 2319 finita
1355 2286 1409 2319 via

1017 2336 1107 2370 Coeli
1133 2336 1176 2369 ad
1201 2335 1387 2369 intermina.

252 2409 336 2437 Orat.
357 2417 413 2436 ms.
427 2408 631 2445 Tegrinsense
644 2415 722 2435 saec.
746 2404 790 2435 15.
811 2405 886 2434 Clm.
899 2406 1019 2434 Monac.
1036 2402 1137 2433 19824
1156 2403 1207 2432 fol.
1228 2402 1266 2432 76
1284 2404 1312 2432 b.
1326 2403 1362 2432 A.
1385 2420 1423 2424 -—
1445 2403 1527 2432 Orat.

169 2456 227 2476 ms.
241 2448 444 2485 Tegrinsense
464 2456 542 2475 saec.
565 2445 612 2475 15.
628 2445 702 2475 Clm.
717 2446 836 2475 Monac.
858 2443 959 2475 20001
981 2444 1032 2473 fol.
1054 2442 1093 2473 84
1112 2444 1140 2472 b.
1158 2444 1193 2472 B.
1213 2459 1253 2464 —-
1274 2442 1319 2478 14,
1337 2441 1355 2472 5
1369 2445 1452 2480 terge
1467 2443 1527 2471 AB.
