1656 2674
732 81 976 119 -31-μ

618 216 647 247 5.
689 215 857 249 Rosarium
876 216 955 249 Jesu
975 215 1101 249 Christi.

282 2113 555 2156 Immortalitatis,

236 2163 344 2197 Corda
369 2163 500 2204 replens
526 2163 633 2205 gratia

282 2213 375 2247 Tuae
401 2212 557 2256 caritatis,

233 2262 401 2296 Virtutum
426 2261 566 2303 insignia

281 2311 420 2345 Praesta
444 2311 539 2344 nobis
564 2311 678 2354 gratis,

232 2358 398 2394 Auferens
424 2360 559 2402 zizania,

281 2409 395 2443 Virtus
420 2409 484 2443 Dei
507 2409 625 2451 patris

839 309 866 342 I.

204 418 211 426 .
238 393 321 434 Ave,
349 394 485 426 missum
511 394 645 427 coelitus
910 397 943 430 6.
969 395 1051 437 Ave,
1078 405 1097 428 o
1123 394 1254 428 vivifica

288 442 434 475 Verbum
459 443 577 474 summi
601 443 716 487 patris,
1019 444 1132 476 Virtus
1156 444 1221 477 Dei
1246 444 1366 486 Patris,

241 490 443 531 Conceptum
469 490 625 524 divinitus
970 492 1040 532 Qua
1062 492 1152 525 facta
1176 495 1226 525 est
1250 490 1377 525 fabrica

288 539 374 572 Alvo
400 543 476 572 tuae
497 539 624 579 matris,
1017 541 1259 583 UniversitatiS,

242 587 353 621 Imbre
378 588 483 621 sancti
508 587 643 629 spiritus
969 589 1045 622 Tibi
1069 598 1127 622 nos
1152 588 1272 622 unifica

289 635 424 670 Renova
445 645 503 669 nos
529 636 643 678 gratis,
1019 638 1122 670 Prece
1140 641 1216 670 tuae
1240 638 1365 679 matris,

239 684 424 718 Eradicans
451 683 597 718 funditus
970 685 1100 719 Gaudia
1126 686 1206 719 dans
1231 686 1354 719 coelica

291 732 412 766 Causas
437 733 623 773 pravitatis.
1020 734 1097 767 Cum
1123 734 1387 775 praedestinatis,

204 837 212 845 .
238 810 322 850 Ave,
350 811 406 851 qui
429 810 609 843 visceribus
910 814 941 847 7.
968 813 1050 855 Ave,
1078 812 1134 854 qui
1157 812 1216 845 sub
1243 812 1353 852 specie

289 858 395 891 Natus
421 859 661 899 praecolendae
1018 862 1117 895 Panis
1139 861 1173 893 in
1196 860 1294 893 altari

240 907 397 949 Virginis,
425 906 578 941 fidelibus
972 908 1115 942 Sumeris
1140 908 1285 949 quotidie

290 954 374 988 Care
398 957 657 997 amplectendae,
1017 958 1118 991 Modo
1145 957 1313 998 singulari,

239 1003 323 1044 Ejus
350 1004 445 1037 nobis
470 1004 623 1045 precibus
969 1005 1074 1038 Domo
1101 1005 1317 1038 conscientiae

290 1052 338 1084 Te
361 1053 470 1094 ipsum
496 1053 641 1094 ostende,
1020 1054 1075 1087 Sic
1098 1063 1157 1086 nos
1183 1053 1237 1086 fac
1262 1054 1378 1097 aptari,

240 1101 360 1133 Pacem
384 1102 427 1134 da
448 1100 646 1141 petentibus,
970 1102 1019 1135 Ut
1041 1102 1083 1134 de
1104 1105 1139 1133 te
1163 1102 1295 1135 assidue

291 1148 438 1182 Gratiam
460 1149 624 1191 impende.
1019 1150 1184 1183 Possimus
1212 1150 1334 1183 satiari.

204 1251 211 1259 .
239 1227 322 1265 Ave,
349 1226 511 1267 sapientia
910 1228 942 1261 8.
968 1227 1051 1268 Ave,
1078 1225 1310 1260 infirmantium

287 1275 326 1307 In
354 1274 536 1316 divinitate,
1018 1275 1173 1309 Cordium
1197 1275 1336 1316 medela,

239 1322 371 1356 Summa
398 1332 469 1356 cum
494 1323 642 1364 potentia
970 1323 1058 1363 Quae
1082 1324 1236 1356 molestat
1258 1324 1435 1363 plurimum

286 1371 457 1412 Imperans
484 1380 557 1404 cum
581 1374 687 1413 patre,
1017 1372 1130 1405 Noxae
1152 1372 1350 1413 corruptela,

241 1420 384 1461 Obsequi
412 1429 451 1453 ex
477 1420 583 1463 gratia
968 1418 1096 1453 Devote
1119 1420 1323 1453 laudantium

285 1468 361 1501 Tibi
387 1467 441 1502 fac
464 1478 523 1502 nos
549 1472 642 1510 grate
1018 1469 1067 1501 Te
1092 1471 1161 1502 esto
1188 1469 1326 1510 cautela,

238 1518 375 1558 Semper
402 1527 475 1550 cum
500 1517 677 1558 prudentia
967 1516 1021 1550 Ne
1044 1517 1269 1550 insidiantium

284 1566 395 1607 Atque
418 1566 572 1608 puritate.
1016 1566 1191 1599 Fallantur
1216 1566 1332 1601 sutela.

200 1669 209 1678 .
235 1644 319 1685 Ave,
347 1644 438 1685 cujus
470 1643 587 1684 deitaS,
907 1644 940 1678 9.
965 1642 1049 1685 Ave,
1076 1643 1125 1676 cui
1152 1644 1284 1677 assidue

287 1691 393 1725 Carne
418 1692 564 1734 palliata,
1015 1692 1134 1733 Populi
1157 1693 1327 1725 credentes

235 1741 386 1775 Hominis
413 1741 561 1774 miserias
965 1740 1111 1774 Adstant
1134 1744 1207 1774 tuas
1237 1743 1369 1773 strenue

285 1790 390 1823 Tollit
413 1792 447 1823 et
471 1793 592 1831 errata,
1014 1789 1146 1823 Laudes
1172 1789 1390 1830 concinentes,

236 1839 336 1874 Unde
361 1839 422 1872 tibi
448 1839 571 1880 gratias
966 1837 1040 1871 Duc
1064 1839 1098 1872 in
1123 1839 1230 1873 locum
1255 1846 1397 1879 pascuae

284 1888 442 1922 Reddens
467 1888 562 1929 plebs
588 1890 704 1922 renata
1014 1887 1090 1920 Tibi
1116 1888 1305 1929 servientes,

235 1937 356 1972 Psallit
378 1937 494 1970 laudes
522 1936 649 1970 debitas
965 1935 1034 1969 Ubi
1059 1940 1091 1969 te
1116 1941 1276 1978 perpetue

283 1986 398 2020 Mente
423 1986 613 2027 jucundata.
1015 1985 1090 2018 Sint
1112 1986 1333 2027 inspicientes.

200 2092 208 2101 .
235 2065 318 2106 Ave,
345 2064 501 2097 alimonia
881 2063 938 2098 10.
965 2063 1048 2105 Ave,
1076 2063 1154 2097 Jesu
1181 2062 1339 2096 scrinium

1013 2112 1269 2152 Benedictionis,

963 2162 1103 2196 Faciens
1132 2161 1292 2202 judicium

1013 2210 1141 2244 Pressis
1167 2220 1187 2243 a
1211 2209 1371 2252 profanis,

966 2259 1125 2294 Nostrum
1151 2259 1350 2293 desiderium

1013 2309 1157 2351 Repleas
1181 2309 1215 2341 in
1241 2309 1335 2341 bonis

966 2359 1098 2393 Pellens
1125 2357 1351 2404 exterminium

1015 2407 1262 2441 Tribulationis.
