1656 2674
688 111 955 147 —107—

151 364 232 398 191.
261 365 369 407 Salve,
396 366 488 406 virgo
513 365 645 405 pariens

312 414 470 447 Gentibus
496 414 646 456 salutem,

262 462 351 502 Quae
375 463 478 504 legem
503 461 677 494 instituens

309 511 425 543 Movet
448 510 491 542 ad
516 510 679 553 virtutem,

261 558 343 592 Esto
369 562 474 591 mater
500 558 642 599 dirigens

310 607 420 640 Meam
446 609 654 647 senectutem,

262 655 310 689 Ut
334 656 399 697 legi
425 654 580 688 obediens

310 703 442 736 Seelera
468 701 616 735 refutem.

151 788 232 824 192.
261 789 368 830 Salve,
396 789 537 823 fundens
563 789 668 822 oleum

309 839 410 871 Petra
433 838 609 876 firmitatis,

260 887 354 926 Quod
377 887 505 927 inungit
531 895 665 918 cuneum

312 935 577 977 Christianitatis,

260 984 421 1016 Auditum
445 983 626 1024 virgineum

311 1032 388 1064 Istis
412 1031 612 1072 praedicatis

261 1080 395 1113 Adhibe
420 1088 480 1120 per
505 1078 661 1113 famulum

311 1128 417 1161 Tuum
444 1127 635 1161 decantatis.

152 1215 234 1249 193.
261 1214 368 1259 Salve,
396 1224 414 1247 0
440 1214 587 1254 virginea

309 1264 397 1295 Aula
421 1262 538 1295 summi
563 1262 658 1302 regis,

263 1311 361 1351 Cujus
385 1312 475 1344 velut
500 1319 598 1342 aurea

310 1360 427 1393 Turris
454 1367 584 1391 carnem
609 1359 702 1399 tegis,

260 1408 391 1441 Perduc
417 1407 459 1440 ad
486 1407 639 1439 aetherea

311 1456 490 1489 Christiani
514 1456 621 1496 gregis

259 1505 402 1548 Plebem,
430 1512 513 1545 quae
538 1506 718 1544 spontanea

308 1554 430 1594 Implet
455 1552 580 1592 scripta
603 1552 695 1592 legis.

152 1641 234 1675 194.
261 1640 369 1681 Salve,
395 1642 493 1681 porta
517 1640 648 1679 pessulo

310 1689 452 1722 Timoris
477 1687 618 1728 firmata,

264 1738 395 1771 Amoris
421 1736 587 1777 signaculo

310 1786 424 1819 Divini
449 1784 586 1825 signata,

262 1834 446 1868 Christiano
469 1833 591 1873 populo

309 1883 412 1916 Adsis
438 1882 602 1924 miserata,

258 1933 437 1973 Protegens
463 1940 483 1963 a
507 1929 661 1962 scandalo

307 1981 455 2013 Abluens
478 1982 623 2020 peccata.

151 2069 231 2104 195.
259 2068 367 2110 Salve,
395 2071 485 2100 terra
508 2066 695 2107 germinans

305 2117 432 2150 Mundo
458 2115 671 2155 Salvatorem,

259 2166 339 2200 Cum
365 2164 458 2198 fuisti
484 2173 643 2206 generans

308 2214 424 2248 Carnis
451 2214 520 2254 ejus
546 2212 670 2253 florem,

255 2264 329 2297 Hoc
351 2272 413 2305 per
439 2271 570 2295 carmen
597 2262 728 2303 elegans

303 2313 451 2354 Ejusque
475 2314 622 2344 tenorem

256 2363 295 2396 In
320 2371 374 2395 me
399 2362 443 2395 sis
471 2359 649 2393 aedificans

303 2412 458 2446 Divinum
486 2418 638 2443 amorem.

800 268 844 302 Π.

856 366 935 400 196.

855 789 935 825 197.

855 1214 935 1247 198.

855 1639 935 1673 199.

855 2066 937 2100 200.

964 365 1070 406 Salve,
1095 365 1252 405 templum
1276 364 1400 396 numini

1009 414 1129 447 Divino
1157 413 1350 453 dedicatum,

963 462 1062 495 Nullo
1088 470 1227 503 unquam
1254 461 1375 493 homini

1011 512 1098 544 Puro
1127 512 1316 550 reseratum,

965 558 1102 592 Carmen
1126 558 1215 591 istud
1240 558 1363 590 nomini

1011 607 1080 639 Tuo
1108 607 1310 639 decantatum

962 654 1072 687 Salvet
1097 664 1150 687 me
1176 654 1354 686 discrimini

1009 704 1073 737 Pro
1098 703 1241 743 peccatis
1270 702 1389 735 datum.

963 790 1070 829 Salve,
1097 789 1199 821 nubes
1226 789 1355 829 coelica,

1010 838 1131 870 Mirum
1157 835 1296 869 fundens
1320 845 1439 877 rorem,

962 885 1103 919 Dantem
1132 886 1164 919 vi
1189 883 1304 917 deifica

1013 934 1148 966 Gratiae
1170 933 1345 973 madorem,

963 981 1141 1024 Deprecor,
1168 979 1329 1013 imbrifica

1013 1030 1117 1062 Tuum
1142 1030 1354 1067 laudatorem,

963 1078 1110 1119 Abigens
1132 1077 1338 1119 phantastica

1010 1126 1197 1167 Mentisque
1221 1128 1395 1165 torporem.

964 1213 1068 1254 Salve,
1096 1216 1192 1253 petra
1214 1212 1357 1251 largiens

1010 1262 1122 1301 Aquas
1148 1260 1335 1300 gratiarum,

962 1309 1157 1342 Nostrarum
1183 1306 1332 1340 reficiens

1012 1357 1106 1390 Sitim
1131 1357 1321 1395 animarum,

962 1406 1044 1439 Esto
1071 1406 1184 1438 sordes
1211 1404 1345 1436 abluens

1011 1453 1299 1492 Conscientiarum,

964 1502 1154 1535 Contractas
1179 1501 1367 1533 multotiens

1011 1551 1075 1583 Per
1100 1552 1224 1583 aestum
1251 1549 1430 1589 culparum.

964 1638 1070 1679 Salve,
1098 1638 1146 1670 sol
1173 1635 1412 1668 communicans

1012 1686 1227 1727 Splendorem
1254 1684 1328 1725 diei,

961 1735 1061 1776 Virgo
1087 1742 1216 1766 carnem
1242 1741 1400 1773 generans

1011 1783 1137 1816 Mundo
1165 1781 1287 1814 Christi
1313 1780 1386 1822 Dei,

966 1831 1081 1864 Gratia
1105 1831 1150 1863 sis
1175 1830 1309 1863 obvians

1014 1879 1137 1920 Culpae
1160 1878 1284 1919 glaciei,

966 1928 1054 1968 Quae
1079 1935 1165 1960 nunc
1191 1929 1240 1958 est
1263 1924 1462 1968 refrigerans

1011 1977 1164 2009 Fundum
1191 1975 1298 2008 cordis
1324 1975 1397 2008 mei.

965 2064 1072 2106 Salve,
1099 2063 1352 2105 pigmentarium

1011 2114 1089 2154 Vas,
1120 2121 1182 2154 quo
1207 2112 1410 2144 medicamen

964 2163 1103 2195 Tentum
1129 2164 1189 2202 est,
1215 2161 1302 2202 quod
1326 2160 1484 2193 mentium

1012 2211 1114 2244 Sanat
1138 2212 1334 2252 laceramen‚

962 2260 1031 2293 Fae
1054 2268 1200 2292 meorum
1226 2259 1395 2302 scelerum,

1012 2309 1193 2350 Deprecor,
1219 2308 1361 2349 piamen,

966 2358 1013 2393 Ut
1038 2368 1103 2391 non
1128 2360 1205 2399 post
1225 2357 1386 2395 judicium

1014 2408 1141 2441 Poenas
1167 2405 1281 2442 feram.
1332 2409 1449 2442 Amen.
