1656 2674
709 44 973 82 *ψιμ-

821 201 867 235 ΙΙ.

179 290 236 325 11.
264 291 325 331 Qui
349 292 466 323 missus
490 294 687 333 pauperibus
874 297 932 331 16.
959 295 1020 335 Qui
1047 294 1225 326 clementer
1247 290 1353 323 tilium

311 339 533 380 evangelicare
1007 342 1111 384 reguli
1136 340 1274 373 sanavit*

263 386 336 419 Nec
360 397 426 420 non
448 388 686 423 infirmantibus
957 390 1121 424 Valetudo
1147 388 1288 421 febrium

311 435 472 468 medelam
496 446 624 479 parare,
1009 448 1103 481 quem
1131 436 1324 472 debilitavit.

262 483 375 516 Voluit
399 494 420 517 a
445 486 568 518 civibus
958 487 1098 529 Expulit
1123 486 1325 519 daemonium

313 532 379 564 suis
403 533 556 566 inchoare
1009 537 1181 577 languores
1208 534 1342 567 curavit,

263 579 310 612 Es
336 580 425 620 ipsos
449 591 530 622 prae
554 583 700 616 omnibus
961 585 1094 619 Cunctis
1121 583 1323 623 evangelium

314 628 357 661 ad
383 629 502 662 bonum
527 636 650 671 aptare.
1009 633 1102 675 regni
1126 631 1341 674 praedicavit.

182 714 238 748 12.
266 714 328 755 Qui
352 716 442 748 venit
466 716 634 749 absolvere
879 719 936 753 17.
963 719 1023 758 Qui
1047 719 1090 752 ad
1115 718 1326 759 supercilium

315 764 411 804 culpa
432 764 613 797 vinculatos
1011 768 1129 799 montis
1156 766 1343 799 ducebatur.

267 812 313 844 Et
338 813 380 844 ad
405 814 514 845 lumen
540 812 661 845 ducere
964 813 1013 846 Ut,
1034 822 1095 854 per
1119 812 1348 853 praecipitium

319 861 425 894 animo
454 863 611 904 caecatos,
1016 862 1063 894 ita
1086 860 1263 903 occidatur,

269 909 419 949 Reosque
445 909 619 941 ostendere
966 909 1143 942 Transiens
1163 917 1223 950 per
1247 908 1389 940 medium

320 957 558 997 reconciliatos,
1018 958 1133 991 horum
1159 958 1349 995 occultatur?

268 1006 329 1047 Qui
353 1005 497 1039 reddunt
518 1014 578 1047 pro
605 1005 730 1037 scelere
967 1005 1036 1038 Nos
1062 1015 1082 1037 a
1107 1005 1223 1038 frande
1248 1006 1387 1038 hostium

320 1064 356 1088 se
380 1054 578 1087 humiliatos.
1020 1055 1158 1087 clemens
1182 1057 1320 1088 tueatur.

186 1144 244 1178 13.
273 1143 334 1183 Qui
359 1147 456 1184 petra
481 1142 638 1175 ecclesiae
888 1144 945 1178 18.
972 1142 1037 1175 Per
1062 1151 1156 1183 quem
1182 1151 1294 1174 socrus
1319 1141 1458 1174 Simonis

319 1195 452 1225 sanctae
477 1190 723 1224 fundamentum
1021 1201 1041 1224 a
1065 1189 1211 1224 febribus
1238 1194 1378 1231 curatur,

271 1242 428 1276 Sternens
452 1240 698 1281 praedicamine
974 1241 1005 1273 A
1031 1239 1145 1273 diebus
1169 1239 1318 1281 plurimis

321 1293 478 1323 convocat
501 1294 702 1331 conventum,
1020 1288 1135 1331 quibus
1156 1288 1341 1328 tenebatur,

268 1340 347 1381 Ipse
372 1340 430 1372 det
452 1348 513 1380 per
539 1339 664 1380 gratiae
970 1338 1124 1378 illudque
1147 1338 1182 1371 iu
1206 1337 1338 1378 populis

318 1393 394 1423 tuae
414 1389 631 1421 interventum
1021 1397 1097 1420 mox
1123 1387 1360 1429 divulgabatur,

266 1438 398 1481 Legalis
425 1438 571 1478 Justitiae
975 1435 1122 1469 Christus
1147 1435 1279 1468 laudum
1305 1433 1407 1466 titulis

318 1486 413 1520 nobis
439 1487 684 1519 incrementum.
1019 1485 1068 1517 sic
1092 1483 1316 1516 venerabatur.

183 1575 239 1609 14.
267 1575 329 1616 Qui
354 1574 487 1607 Petrum
512 1578 544 1607 et
569 1571 736 1613 Jacobum‚
887 1572 943 1605 19.
971 1571 1029 1611 Qui
1056 1569 1267 1602 teleonarium

317 1624 338 1658 J
340 1624 509 1667 ohannem,
536 1621 750 1666 Mamaeum,
1015 1618 1198 1651 Mattheum
1223 1617 1359 1658 vocavit,

266 1672 435 1706 Andream
461 1681 500 1704 ac
523 1671 703 1711 Didymum
967 1668 1028 1708 Qui
1051 1676 1127 1699 mox
1150 1674 1288 1706 sequens
1312 1665 1486 1698 Dominum

315 1724 348 1754 et
370 1720 653 1754 Bau-tholomaeum
1015 1724 1124 1748 secum
1149 1713 1325 1747 ambulavit

262 1769 374 1811 Elegit
400 1773 433 1802 et
457 1768 626 1809 Jacobnm,
964 1764 1017 1798 Ae
1040 1762 1102 1796 sibi
1127 1762 1307 1794 convivium

314 1818 514 1859 Philippum,
541 1815 764 1857 Thaddaeum‚
1013 1812 1101 1844 laute
1123 1810 1343 1852 praeparavit,

264 1867 332 1900 Sed
357 1870 392 1899 et
412 1866 533 1900 Judam
558 1864 742 1904 subdolum,
963 1860 1108 1893 Tandem
1134 1859 1334 1898 evangelium

313 1916 476 1949 Simonem
503 1915 743 1948 chananaeum.
1012 1907 1256 1947 evangelizavit.

179 2002 236 2037 15.
264 2003 325 2043 Qui
349 2003 442 2035 navis
469 2000 626 2034 ecclesiae
880 1997 937 2030 20.
962 1994 1061 2033 Quem
1086 1992 1285 2033 quaerebant
1311 1997 1446 2037 tangere

310 2054 410 2084 nauta
436 2053 485 2083 est
510 2054 541 2082 et
566 2056 683 2090 remus,
1010 2041 1126 2073 turbae
1148 2040 1361 2084 infirmorum,

265 2099 410 2141 Legibus
433 2099 580 2140 justitiae
961 2090 1138 2125 Credentes
1163 2099 1199 2123 se
1225 2100 1343 2132 capere

314 2148 405 2188 cujus
425 2147 641 2180 inhaeremus,
1008 2138 1169 2171 medelam
1194 2139 1396 2185 languorum,

261 2197 316 2229 Ad
341 2205 434 2236 quem
458 2194 661 2236 ignorantiae
958 2186 1019 2227 Qui
1043 2189 1077 2218 θῗ
1099 2190 1175 2219 VO‘CO
1199 2196 1342 2228 propere

309 2247 404 2278 nocte
428 2244 626 2277 Nicodemus
1009 2234 1100 2266 affuit
1123 2236 1279 2277 ipsorum,

259 2293 369 2333 Venit,
396 2293 466 2333 ejus
492 2291 615 2332 gratiae
960 2283 1059 2317 Brevi
1084 2292 1203 2316 sanans
1228 2288 1376 2325 tempore

307 2350 366 2374 nos
392 2339 698 2373 recommendemuS.
1004 2330 1150 2364 defectus
1177 2341 1297 2368 eorum.
