1656 2674
178 303 258 338 132.

177 703 258 736 133.

180 1177 260 1210 134.

174 1575 254 1608 135.

171 1973 254 2009 136.

164 2377 246 2412 137.

287 197 333 231 Ut
356 200 390 230 te
413 197 586 230 sinceriter

331 249 419 279 amet
441 246 477 278 in
502 246 676 278 saeculum.

285 304 337 337 Tu
360 304 419 337 ille
442 302 595 337 flosculus

336 353 624 396 immarcessibilis,

287 401 348 442 Qui
374 401 546 434 odorantia

334 459 368 482 es
393 450 583 491 indicibilis,

285 499 355 531 Tuo
386 497 580 539 fraglamine

331 555 423 579 mens
448 555 522 578 mea
548 546 665 579 debilis

283 595 453 629 Medelam
480 595 596 638 capiat,

333 644 457 676 soletur
480 642 609 676 flebilis.

285 701 371 734 Nam
396 702 556 742 apotheca
582 709 626 741 es,

333 759 429 790 quam
454 758 596 782 summus
623 749 766 782 medicus

285 798 441 839 Replevit
465 798 592 830 animae

333 847 612 889 medicaminibus,

285 894 407 934 Quibus
433 895 630 936 propellitur

333 944 460 984 peccati
487 944 628 976 dedecus

284 992 316 1024 A
342 992 437 1024 nobis
464 991 585 1024 deforis

335 1043 431 1081 atque
455 1041 660 1072 intrinsecus.

289 1116 502 1153 Capitulum
523 1117 698 1153 quintum.

289 1176 314 1209 Ο
341 1178 431 1208 terra
454 1175 574 1216 pluviis

334 1224 498 1264 compluta
522 1223 657 1264 gratiae,

283 1271 337 1304 Ex
363 1281 428 1313 qua
452 1274 542 1304 ortus
569 1273 618 1303 est

330 1319 391 1353 flos
417 1320 606 1361 sapientiae,

284 1369 384 1410 GuJus
410 1368 587 1401 virtutibus

334 1418 377 1450 da
402 1417 603 1460 odorantiae‚

281 1467 434 1499 Insonter
459 1466 591 1498 semitas

331 1524 466 1556 pergam
490 1514 649 1555 justitiae.

281 1573 333 1606 Tu
358 1573 521 1614 scaturigo
548 1582 581 1605 es

329 1621 429 1655 fontis
456 1622 658 1664 clementiae,

282 1672 347 1704 Per
375 1679 469 1712 quem
495 1670 639 1703 abluitur

329 1718 405 1752 faex
432 1719 656 1760 conscientiae,

279 1768 363 1801 Rivo
388 1777 440 1800 me
465 1768 603 1809 impleas

330 1817 478 1849 coelestis
505 1817 641 1859 gratiae,

279 1866 445 1899 Mundans
471 1875 491 1900 a
516 1865 667 1899 sordibus

327 1915 431 1948 omnis
456 1915 630 1956 nequitiae.

280 1974 305 2007 O
333 1972 417 2014 fons,
444 1974 499 2015 qui
524 1973 652 2006 animae

330 2021 410 2056 facis
436 2023 594 2063 irriguum

277 2071 429 2112 Hortum,
455 2074 492 2104 ut
514 2070 614 2104 faciat

326 2123 533 2162 augmentum
559 2118 732 2162 fructuum,

275 2169 425 2203 Meorum
455 2170 543 2202 dilue

325 2219 510 2260 squalorem
535 2219 706 2261 scelerum,

273 2269 333 2303 Uti
359 2267 486 2302 efficiar

324 2317 447 2360 lignum
474 2316 692 2351 fructiferum.

273 2377 324 2411 Tu
350 2386 384 2410 es
409 2378 571 2419 puteolus,

322 2436 361 2460 ex
391 2436 454 2468 quo
482 2426 632 2461 efferbuit

878 509 958 544 138.

878 983 957 1017 139.

877 1381 958 1415 140.

872 1779 953 1814 141.

874 2182 953 2216 142.

985 198 1098 239 Rivus‚
1126 200 1180 239 qui
1203 199 1325 240 Stygea

1034 247 1090 279 siti
1113 257 1172 281 nos
1201 249 1294 288 eruit,

985 295 1051 328 Sed
1077 304 1173 329 cruce
1197 297 1356 337 pendulus

1034 354 1114 385 prae
1139 346 1194 377 siti
1219 346 1314 386 aruit,

987 393 1067 426 Cum
1092 393 1188 426 lictor
1211 394 1327 426 lancea

1033 442 1118 474 latus
1144 443 1282 483 aperuit.

986 509 1071 541 Vere
1098 509 1239 542 cisterna
1264 519 1297 542 es

1032 557 1313 602 Bethlehemitica,

984 606 1166 646 Propinans
1191 607 1332 648 laticem,

1034 664 1096 695 quo
1121 654 1215 694 plebs
1242 656 1402 688 catholica

987 702 1081 735 Sitim
1107 703 1290 748 refrigerat,

1034 760 1095 792 quo
1123 752 1285 785 diabolica

984 800 1118 833 Fraude
1143 801 1287 833 caluerat

1034 857 1165 881 currens
1196 859 1256 890 per
1279 849 1417 883 lubrica.

1004 924 1027 952 O
1036 925 1219 959 apitulum
1240 929 1388 953 sextum.

983 983 1030 1017 Ut
1053 983 1226 1024 paradisus
1251 993 1284 1016 es

1032 1032 1104 1073 Dei,
1133 1041 1215 1073 quae
1241 1033 1385 1065 contines

983 1080 1123 1121 Lignum
1149 1079 1354 1113 fructiferum

1032 1128 1129 1168 vitae,
1159 1130 1280 1161 esuries

983 1176 1048 1209 Per
1074 1178 1160 1217 quod
1183 1178 1354 1218 repellitur

1034 1227 1064 1256 et
1092 1225 1188 1258 datur
1212 1226 1310 1258 saties

984 1272 1086 1306 Justis
1113 1276 1146 1305 et
1169 1274 1378 1314 postmodum

1033 1324 1167 1355 aeterna
1192 1323 1331 1363 requies

984 1379 1070 1412 Nam
1094 1380 1280 1412 virtualiter

1033 1429 1136 1461 omnis
1161 1429 1311 1461 miseriae

984 1477 1084 1510 Pellit
1109 1476 1278 1510 obstacula

1034 1526 1115 1558 dans
1140 1527 1243 1559 vitam
1268 1525 1394 1567 gratiae

980 1575 1091 1615 Atque
1114 1574 1149 1605 in
1174 1575 1281 1607 medio

1033 1624 1180 1656 coelestis
1206 1624 1334 1664 patriae

983 1672 1162 1706 Conservat
1188 1672 1328 1705 credulis

1031 1729 1183 1753 coronam
1205 1721 1338 1762 gloriae.

980 1779 1182 1812 Deliciarum
1208 1788 1241 1811 es

1031 1836 1118 1871 ager,
1146 1837 1241 1869 quem
1265 1828 1423 1861 Dominus

982 1877 1132 1911 Condens
1160 1877 1375 1910 circumdedit

1029 1926 1187 1959 virtutum
1211 1924 1356 1967 fioribus,

981 1975 1123 2015 Quorum
1148 1974 1324 2016 fraglantia

1030 2023 1168 2056 sentitur
1194 2024 1328 2065 eminus,

979 2073 1026 2106 Et
1049 2073 1146 2113 longe
1170 2073 1293 2114 positos

1030 2121 1168 2155 attrahit
1194 2122 1346 2154 cominus.

980 2181 1031 2213 Tu
1055 2180 1154 2213 arbor
1178 2180 1307 2224 nobilis,

1028 2233 1142 2262 tenens
1167 2230 1201 2262 in
1228 2230 1367 2262 culmine

978 2278 1145 2312 Virtutum
1170 2280 1322 2319 ramulos7

1029 2337 1164 2370 quorum
1192 2328 1363 2361 dulcedine

977 2377 1091 2411 Mente
1116 2377 1279 2410 reficimur

1028 2430 1060 2460 et
1086 2426 1328 2461 obumbramine

1292 2484 1334 2514 6*
