1656 2674
208 354 265 388 21.

205 781 262 814 22.

211 1208 269 1241 23.

203 1636 258 1669 24.

196 2065 252 2098 25.

741 101 1009 138 —175—

289 354 350 395 Qui
375 354 549 387 thesaurus
572 353 693 387 nobilis

338 405 388 435 est
413 402 550 436 devotae
572 405 689 436 mentis

288 452 420 484 Amoris
446 451 632 483 scintillulis

337 500 398 532 tibi
424 499 643 539 adhaerentis,

287 549 386 581 Hunc
408 548 539 588 requiro
565 548 687 581 sedulis

337 598 423 630 votis
450 599 482 628 et
506 597 650 640 intentis,

288 646 335 679 Ut
360 647 471 678 servet
494 654 514 677 a
538 645 693 685 periculis

338 694 426 727 vitae
450 702 503 724 me
527 693 720 733 praesentis.

291 779 389 820 Cujus
413 779 621 821 providentia

339 829 448 861 omnia
472 830 639 871 reguntur,

291 878 382 911 Coeli
408 877 556 909 volatilia

340 926 380 959 ab
405 927 477 967 ipso
502 928 689 968 pascuntur,

293 975 361 1015 Quo
389 978 420 1007 et
446 974 517 1014 agri
539 974 610 1006 lilia

340 1023 477 1064 pulchre
502 1022 695 1062 vestiuntur,

288 1072 355 1105 Per
380 1079 474 1113 quem
501 1073 533 1102 et
553 1071 681 1111 justitia

335 1121 416 1161 Justi
440 1119 638 1153 imbuuntur.

295 1207 356 1248 Qui
379 1206 638 1239 misericordiam

336 1256 455 1288 nedum
481 1255 694 1295 praedicavit,

289 1304 355 1337 Sed
382 1307 414 1336 et
438 1301 645 1343 plurifariam

337 1352 485 1394 plurimis
513 1352 655 1392 donavit,

285 1401 482 1434 Mittendam
505 1401 659 1441 injuriam

334 1450 400 1482 suis
425 1449 610 1491 imperavit,

284 1499 406 1539 Quibus
431 1498 668 1539 indulgentiam

332 1548 474 1580 dandam
497 1547 545 1578 sic
568 1547 774 1580 monstravit.

285 1636 345 1676 Qui
370 1636 521 1668 hortatur
545 1634 660 1667 sedule

332 1693 406 1717 suos
433 1683 475 1715 ad
501 1683 671 1719 orandum,

283 1732 454 1774 Spondens
478 1732 687 1772 impetrabile

332 1782 419 1823 quod
445 1779 532 1813 foret
556 1781 801 1822 praestandum,

281 1830 430 1872 Regnum
457 1838 532 1871 ergo
558 1830 678 1862 stabile

331 1883 407 1920 peto
433 1879 514 1911 mibi
541 1879 694 1920 dandum,

280 1928 428 1970 Regnum
453 1926 624 1967 infinibile,

329 1986 493 2019 nunquam
517 1976 814 2011 consummandum.

280 2064 381 2105 Quem
405 2065 554 2105 leprosus
579 2064 692 2097 intime

328 2114 412 2154 petit
435 2122 474 2146 ac
501 2114 659 2153 dolenter,

278 2164 326 2198 Ut
345 2163 453 2204 ipsum
477 2172 497 2194 a
522 2163 613 2195 sanie

328 2213 437 2253 expiet
461 2213 623 2255 potenter,

275 2261 373 2295 Meae
397 2262 524 2301 lepram
547 2261 674 2293 animae

327 2312 432 2344 diluat
459 2310 645 2351 clementer,

277 2361 437 2395 Vitiorum
463 2359 574 2392 scabie

324 2410 462 2443 tinctam
484 2409 673 2444 insolenter.

849 259 911 293 111.

909 357 965 391 26.

907 783 963 815 27.

906 1208 961 1241 28.

904 1636 960 1669 29.

902 2067 959 2101 30.

993 356 1054 397 Qui
1078 357 1214 388 salutem
1239 356 1345 389 subito

1040 405 1073 437 vi
1098 405 1253 437 orationis

992 452 1093 486 Servo
1119 453 1291 494 paralitico

1041 502 1098 534 dat
1123 502 1329 542 centurionis,

991 550 1081 583 Tuae
1106 550 1287 591 patrocinio

1041 598 1287 639 supplicationis

992 647 1110 680 Videat
1135 655 1187 678 me
1212 647 1304 679 oculo

1039 695 1265 728 miserationis.

991 782 1116 815 Viduae
1142 781 1197 821 qui
1220 780 1321 814 filium

1039 831 1082 862 ad
1108 829 1208 863 vitam
1233 830 1371 869 vocavit,

990 878 1110 911 Mortis
1136 886 1231 918 quem
1251 878 1426 919 imperium

1042 935 1177 968 corpore
1202 927 1391 970 prostravit,

990 975 1124 1008 Mulieri
1149 975 1301 1015 gaudium

1038 1024 1086 1056 ita
1109 1024 1295 1065 procreavit

989 1072 1036 1104 Et
1059 1073 1164 1113 ipsum
1192 1072 1392 1105 credentium

1038 1121 1132 1161 plebs
1156 1119 1385 1161 magnificavit.

989 1207 1050 1247 Qui
1074 1216 1145 1239 cum
1170 1207 1237 1239 suis
1263 1205 1393 1239 famulis

1036 1258 1184 1296 stagnum
1209 1254 1445 1299 transfretavit,

988 1304 1162 1337 Flantibus
1189 1304 1379 1344 procellulis

1035 1353 1107 1393 ipse
1135 1352 1333 1391 dormitavit,

987 1401 1098 1434 Motus
1124 1411 1144 1433 a
1171 1401 1338 1442 discipulis

1037 1452 1143 1483 ventis
1172 1450 1356 1493 imperavit,

987 1499 1082 1540 Ipsos
1109 1509 1128 1531 a
1151 1498 1307 1539 periculis

1035 1548 1083 1580 ita
1103 1547 1270 1581 liberavit.

990 1635 1088 1680 Cujus
1114 1637 1204 1668 tactu
1229 1633 1378 1667 fimbriae

1036 1685 1154 1717 mulier
1182 1687 1323 1724 curatur,

986 1734 1076 1774 Quae
1099 1732 1220 1766 fluente
1245 1732 1400 1773 sanguine

1034 1783 1171 1814 multum
1195 1780 1405 1822 gravabatur,

986 1831 1133 1872 Jairique
1157 1828 1246 1862 filiae

1034 1880 1104 1913 vita
1128 1881 1310 1919 reparatur,

986 1929 1008 1963 J
1011 1937 1130 1970 esuque
1155 1927 1300 1968 quotidie

1034 1979 1106 2010 laus
1133 1976 1361 2017 ampliabatur.

986 2066 1042 2099 Ad
1067 2074 1161 2107 quem
1188 2065 1275 2097 caeci
1301 2065 1431 2098 subdite

1036 2115 1175 2147 clamant
1202 2123 1241 2146 ac
1265 2114 1401 2154 sincere,

984 2164 1052 2197 Fili
1071 2163 1181 2197 David
1206 2163 1328 2206 inclite,

1032 2212 1137 2245 nostri
1161 2212 1327 2252 miserere,

982 2261 1086 2295 Usum
1109 2261 1192 2294 lucis
1217 2261 1344 2294 inditae

1034 2311 1177 2353 digneris
1203 2310 1372 2351 praebere,

985 2360 1033 2394 Ut
1057 2369 1211 2402 queamus
1239 2360 1348 2393 debite

1030 2410 1093 2443 tibi
1118 2409 1307 2444 adhaerere.
