1656 2674
209 190 228 222 7
233 214 240 223 .
271 186 518 231 Gratiosissima

320 243 353 272 et
379 245 586 289 venerabilis,

270 286 440 324 Goelorum
468 294 608 340 domina,

317 341 442 373 cunctis
471 344 632 385 amabilia

266 384 371 420 Nobis
396 390 542 430 propitia

315 434 361 468 sis
385 437 451 469 tuis
478 436 620 481 famulis,

263 483 295 514 A
320 486 446 518 cunctis
471 488 617 528 undique

312 535 423 566 tutans
448 536 615 575 periculis

201 610 233 644 8.
260 606 352 645 Hera
377 612 518 654 angelici

310 661 494 703 praedigna
521 662 674 696 carminis

263 707 459 742 Sanctorum
482 711 625 743 omnium

311 766 373 791 nec
399 768 466 791 non
490 760 698 802 gregaminis,

258 805 364 839 Tuum
390 808 544 841 solatium

309 855 352 889 da
376 856 594 898 pusillanimis

255 903 371 946 Nobis,
398 905 540 938 miseriis

306 954 473 995 oppressis
499 954 662 996 plurimis.

194 1032 225 1065 9.
253 1027 295 1066 In
320 1034 355 1064 te
379 1032 551 1073 virginitas

301 1083 442 1113 matrum
470 1090 544 1114 cum
568 1081 674 1122 gloria

253 1127 461 1162 Concurrunt
479 1130 622 1170 pleniter

301 1177 417 1211 divina
441 1180 559 1220 gratia,

247 1226 303 1259 Ad
327 1228 361 1259 te
388 1227 598 1260 clamantium

302 1276 380 1308 audi
406 1275 559 1318 suspiria,

251 1322 400 1358 Gravant
424 1333 485 1365 pro
513 1325 649 1357 crimine

296 1381 376 1413 quos
401 1373 601 1414 purgatoria.

163 1449 219 1486 10.
242 1448 350 1486 Kaio:
380 1461 452 1484 cum
478 1451 603 1494 angelis

293 1500 396 1534 Adsis
423 1500 631 1534 credentibus

242 1550 338 1591 Ipsos
365 1550 507 1591 eripiens

294 1607 312 1631 e
335 1600 451 1641 poenis
477 1598 643 1641 gravibus,

243 1646 374 1681 Solutos
402 1647 547 1681 coetibus

288 1697 390 1739 junge
417 1696 624 1737 coelestibus,

240 1745 308 1779 Ubi
332 1750 367 1779 te
390 1747 555 1788 perpetim

290 1795 429 1829 laudent
456 1795 615 1835 devotius,

155 1868 210 1903 11.
235 1865 401 1904 Labentes
428 1868 575 1902 crebrius

286 1918 322 1950 in
348 1919 462 1960 culpas
484 1918 596 1952 varias

237 1967 448 2001 Orationibus

286 2016 351 2049 tuis
376 2025 436 2049 nos
460 2015 621 2055 retrahas,

236 2065 424 2099 Commissis
450 2064 601 2107 nequiter

282 2115 446 2148 medelam
471 2112 634 2155 praebeas

232 2164 280 2198 Et
306 2173 325 2197 a
350 2163 513 2197 similibus

282 2222 413 2256 semper
440 2212 616 2246 custodias,

147 2288 202 2322 12.
231 2285 340 2323 Mater
365 2286 497 2329 egregia

279 2337 415 2378 superni
440 2335 592 2376 numinis,

231 2386 307 2419 Non
328 2389 439 2419 tamen
465 2384 604 2425 gloriam

282 2435 436 2467 amittens
461 2433 611 2474 virginis,

202 2497 223 2520 D
230 2503 243 2519 r
249 2501 262 2519 e
268 2501 284 2518 v
290 2501 303 2518 e
308 2501 320 2518 s
327 2510 333 2522 ‚
348 2494 481 2518 udalricus
495 2493 709 2517 wessofontanus.

833 105 903 141 129
955 127 1001 132 —-

973 206 1036 238 Tui
1061 205 1248 248 suffragium

1024 255 1067 287 da
1092 256 1318 289 consolaminis

973 302 1077 336 Cantu
1103 303 1314 339 laudantibus

1020 356 1052 385 te
1077 352 1173 393 hujus
1200 355 1362 389 carminis

891 427 946 462 13.
974 425 1115 463 Nostrae
1140 430 1267 465 irradia

1018 478 1266 521 intelligentiae,

971 525 1145 558 Caecatum
1171 528 1308 568 oculum,

1018 583 1036 606 o
1062 575 1159 608 stella
1189 578 1325 619 gratiae,

966 621 1025 655 Uti
1051 622 1100 654 sic
1126 633 1260 656 cernere

1015 671 1116 704 solem
1140 673 1290 713 justitiae

966 718 1132 752 Possimus
1157 723 1320 761 perpetim

1012 768 1047 799 in
1072 776 1171 810 regno
1197 769 1332 810 gloriae.

879 844 936 877 14.
966 841 1078 879 Omnis
1102 846 1284 880 munditiae

1010 893 1150 934 politum
1176 896 1344 935 speculum

966 941 1045 974 Cum
1073 942 1161 975 dulci
1186 942 1253 975 filio

1011 998 1152 1032 regnans
1177 992 1212 1023 in
1237 993 1412 1035 saeculum,

961 1039 994 1070 A
1022 1038 1088 1070 tuis
1115 1038 1247 1071 famulis

1010 1095 1087 1118 arce
1114 1087 1289 1130 diabolum,

960 1134 1012 1166 Ne
1036 1143 1095 1166 nos
1120 1136 1155 1167 in
1180 1136 1313 1176 aliquod

1006 1182 1142 1216 inducat
1167 1185 1368 1219 scandalum.

872 1259 928 1293 15.
956 1257 1057 1294 Piare
1080 1263 1222 1302 satagas,

1006 1317 1024 1341 o
1050 1308 1191 1342 clemens
1220 1309 1361 1352 domina,

957 1358 1043 1398 Quae
1066 1359 1328 1399 perpetravimus

1003 1406 1170 1440 horrenda
1197 1407 1343 1448 crimina,

953 1455 1110 1487 Nostram
1139 1455 1179 1488 de
1206 1462 1314 1489 cetero

1001 1503 1101 1536 vitam
1127 1505 1178 1536 sic
1202 1506 1327 1547 ordina,

952 1552 1082 1585 Divinis
1107 1552 1236 1594 legibus

1001 1601 1052 1633 uti
1077 1603 1120 1634 sit
1147 1611 1297 1637 consona.

866 1673 922 1708 16.
952 1671 1040 1713 Quas
1066 1674 1155 1716 leges
1180 1674 1309 1716 integre

999 1731 1133 1755 servare
1158 1723 1316 1765 vovimus,

950 1771 1086 1811 Quando
1112 1771 1311 1812 baptismate

998 1819 1103 1852 abluti
1128 1818 1254 1852 fuimus.

949 1869 1031 1909 Quia
1055 1871 1135 1901 tunc
1159 1868 1301 1903 Satanae

996 1917 1254 1950 renuntiavimus

946 1966 1146 2008 Pompisque
1170 1967 1292 1999 saeculi

994 2024 1057 2049 nec
1079 2025 1144 2048 non
1171 2015 1373 2050 criminibus,

860 2090 916 2123 17.
943 2086 1127 2124 Refraenes
1152 2089 1254 2129 igitur

979 2146 1040 2180 per
1065 2137 1285 2178 patrocinium

943 2187 1049 2220 Tuum
1074 2185 1263 2219 barbariem

991 2235 1129 2268 istorum
1154 2234 1308 2276 hostium,

941 2284 994 2318 Ne
1018 2284 1144 2317 intrent
1169 2284 1344 2317 terminum

988 2335 1174 2366 nostrarum
1198 2333 1357 2366 mentium

940 2382 1124 2416 Trahentes
1150 2381 1293 2422 turpiter

989 2441 1048 2465 nos
1076 2432 1119 2465 ad
1144 2429 1314 2472 flagitium.
