1656 2674
686 75 949 112 —111—

143 170 199 207 19,
228 169 322 207 Tunc
347 181 423 213 ergo
449 174 624 215 splendide
844 177 901 210 20.
928 173 1055 209 Verum
1078 178 1115 208 ut
1140 175 1291 212 referam,

275 221 423 262 miroque
446 222 551 263 iubilo
977 227 1085 256 mente
1110 225 1197 266 quod
1222 225 1338 266 sentio,

225 269 372 302 Advenit
397 268 483 303 filius
931 272 1036 306 Credo
1062 274 1149 314 quod
1174 274 1302 315 penitus

276 318 382 359 primo
411 318 563 352 diluculo.
978 322 1061 353 haec
1086 322 1230 355 visitatio

227 366 356 399 Salutat
381 367 538 409 virginem
930 369 1065 402 Sanavit
1092 371 1251 412 virginem

278 415 368 448 dulci
386 424 458 448 cum
484 417 604 452 osculo,
981 418 1021 450 ab
1049 419 1136 451 omni
1163 419 1282 457 crucio,

229 463 384 496 Orantem
414 463 554 497 forsitan
933 466 1003 501 Sibi
1029 467 1115 507 quod
1143 467 1255 499 intulit

279 515 358 543 tunc
382 511 417 543 in
444 513 603 546 eubiculo.
982 516 1183 555 praecedens
1208 515 1328 557 passio,

219 588 301 616 Orat.
322 597 378 615 ms,
393 588 592 625 Tem-insense
615 597 693 618 saec.
710 588 755 618 15.
780 590 853 618 Chn.
867 590 985 619 Monac.
1010 589 1113 620 19324
1130 592 1180 620 fol.
1196 590 1232 620 41
1257 600 1283 620 a.
1300 592 1335 621 A.
1352 608 1389 612 —-
1404 592 1484 620 Orat.

138 634 193 654 ms.
213 627 414 665 Tegrinsense
436 626 511 656 saee-
529 626 573 656 15.
590 628 663 656 Clm.
677 629 796 657 Monac.
814 627 912 658 20001
935 630 986 658 fol.
1008 628 1044 658 97
1068 638 1093 657 a.
1106 633 1139 658 B.
1163 631 1291 667 „Incipit
1303 631 1486 660 Abcdarium

137 666 241 694 feriale
262 666 378 694 BMX.
420 667 558 703 Hymnus
581 667 694 703 primus
716 676 747 696 se
768 668 859 696 habet
879 678 932 706 per
951 669 1071 697 modum
1092 670 1223 706 prologi:
1245 670 1320 698 feria
1341 670 1379 699 1²²
1393 669 1406 683 “

636 782 683 813 27.
727 780 940 814 Abecedarius
961 782 998 814 11.

164 859 196 895 1.
224 858 299 894 Ave
324 869 410 892 nuno
434 861 547 894 inclita
869 865 900 896 5.
927 859 980 896 Ex
1006 862 1191 903 regionibus

273 909 385 949 stirps,
414 918 495 951 quae
520 910 555 942 in
582 910 721 942 culmine
976 911 1198 948 orientalibus,

225 957 294 990 Tuo
320 955 387 989 fers
412 957 582 990 flosculum
925 959 1075 992 lllustrat
1101 960 1212 992 radius

275 1006 349 1038 divo
374 1006 551 1046 spiramine
975 1016 1054 1047 quas
1080 1008 1219 1047 primum
1244 1007 1370 1051 Delius,

223 1053 336 1087 Satum
363 1056 395 1085 et
420 1055 544 1095 alitum,
924 1055 1013 1096 Magi
1037 1056 1205 1095 gentilium

272 1103 327 1143 qui
352 1111 410 1134 suo
434 1103 589 1144 sanguine
974 1112 1013 1135 ex
1039 1104 1241 1143 sapientibus

225 1151 399 1191 Captivum
424 1152 586 1184 hominem
921 1151 1042 1184 Devoti
1066 1153 1200 1184 veniunt

272 1199 370 1232 solvit
396 1208 416 1230 a
442 1200 586 1233 crimine.
974 1200 1062 1232 docti
1089 1201 1252 1233 divinitus,

162 1258 195 1291 2.
221 1254 314 1291 Bene
339 1257 466 1290 laetitia
865 1259 895 1291 6.
921 1254 1047 1292 Ferunt
1072 1257 1108 1290 hi
1131 1266 1262 1290 munera

270 1306 398 1338 vocaris
424 1306 538 1348 Israel,
971 1309 1048 1338 nato
1073 1307 1220 1348 triplicia

222 1354 292 1394 Qua
317 1363 448 1386 carnem
475 1354 581 1387 induit
921 1354 1003 1395 Ejus
1031 1355 1208 1388 dominium

270 1411 367 1435 verus
397 1402 600 1435 Emmanuel.
968 1401 1195 1443 significantia,

222 1450 313 1483 Sicut
338 1451 543 1491 praedixerit
922 1452 1012 1484 Auro
1040 1452 1232 1491 exprimitur

268 1500 400 1540 angelus
428 1499 563 1533 Gabriel
970 1500 1039 1539 ejus
1065 1500 1221 1541 potentia,

219 1548 265 1581 Et
290 1547 422 1588 scriptis
447 1548 587 1581 tradidit
918 1547 1057 1588 Myrrho
1082 1549 1276 1588 mortalitas,

266 1600 397 1628 sanctus
422 1596 588 1629 Ezechiel.
968 1597 1043 1628 thus
1069 1596 1240 1629 sacrificia.

860 1655 891 1688 JT

159 1656 191 1688 3.
221 1651 357 1689 Carnem
383 1655 562 1695 suscipiens
919 1652 1108 1690 Gaudenter
1136 1656 1236 1697 igitur

266 1712 342 1735 nam
369 1702 517 1736 Christus
543 1702 701 1736 Dominus
969 1703 1099 1736 adstant
1124 1704 1261 1745 puerulo

217 1752 263 1784 Te
290 1754 419 1792 portam
444 1751 573 1784 transiit
917 1752 1021 1784 Tento
1047 1754 1161 1793 exiguo

267 1800 452 1832 conclusam
479 1800 619 1841 penitus,
966 1800 1000 1832 in
1026 1801 1198 1843 tuguriolo,

215 1849 263 1882 Et
286 1851 382 1881 natus
409 1849 519 1881 exiens
920 1849 1069 1881 Adoraut
1090 1850 1205 1881 intime

237 1936 249 1942 ι
266 1900 299 1929 te
323 1896 533 1930 nihilominus
968 1897 1076 1930 cordis
1103 1898 1189 1930 hunc
1211 1897 1326 1939 jubilo,

217 1939 368 1979 mansam
395 1946 573 1979 dimiserat.
915 1946 1092 1979 Exsultant
1116 1946 1296 1988 plausibus,

263 1998 299 2027 ut
327 2003 398 2026 eras
424 1995 585 2036 primitus.
966 1995 1110 2028 salutant
1136 1996 1257 2030 osculo.

152 2055 186 2087 4.
214 2051 300 2089 Dein
325 2053 476 2094 legaliter
857 2055 888 2088 8.
916 2050 958 2088 Hi
985 2054 1033 2085 sic
1057 2054 1225 2087 humiliter

264 2111 337 2135 cum
364 2102 619 2142 circumciditur,
965 2102 1100 2136 obtenta
1124 2103 1231 2144 gratia

215 2153 237 2187 J
240 2161 312 2184 esus
341 2151 563 2184 dulcissimum
917 2152 981 2184 Per
1006 2151 1093 2184 viam
1118 2151 1217 2185 aliam

259 2209 378 2233 nomen
403 2200 592 2242 imponitur,
963 2200 1088 2233 vadunt
1114 2201 1157 2233 ad
1182 2200 1328 2243 propria,

211 2250 277 2283 Sed
304 2258 375 2281 cum
402 2249 596 2282 tenerrimus
916 2250 969 2283 lta
996 2249 1163 2282 deluditur

257 2298 388 2340 sanguis
414 2299 463 2331 sic
487 2297 648 2332 funditur.
962 2298 1047 2339 regis
1074 2297 1207 2332 fallacia

208 2349 379 2383 Maternus
402 2348 528 2381 animus
913 2347 984 2380 Nec
1007 2356 1071 2380 non
1097 2348 1288 2381 accenditur

256 2400 329 2431 tuus
357 2397 550 2431 concutitur.
961 2397 1030 2437 ejus
1057 2395 1190 2432 ferocia.
