1656 2674
212 262 269 297 11.
297 264 337 297 In
364 274 428 306 quo
451 276 529 300 vero
555 268 677 301 lumine

346 315 632 356 participaverunt

298 361 432 404 Cuncta,
460 373 543 404 quae
568 365 731 397 creamine

348 411 418 451 ejus
443 413 648 455 prodierunt,

294 458 422 492 Milites
445 461 608 493 velamine

344 508 445 540 talem
471 510 664 542 velaverunt

293 555 365 588 Nec
390 566 455 590 non
481 561 514 590 et
539 559 724 599 sputamine

342 606 434 646 turpi
459 604 686 639 foedaverunt.

209 667 269 703 12.
296 668 358 709 Qui
385 671 436 700 est
458 669 542 701 hora
565 670 666 701 tertia

347 717 419 749 dire
443 715 627 758 flagellatus

293 765 432 798 Pressus
457 766 663 807 contumelia,

342 814 445 854 spinis
472 818 655 854 coronatus,

293 862 366 895 Rex
392 863 644 896 subsannatoria

342 920 423 944 voce
449 912 644 953 nominatus,

294 960 391 994 Cruci
419 969 459 992 ex
483 959 626 1001 perfidia

341 1011 392 1040 est
416 1009 635 1049 adjudicatus.

208 1072 265 1107 13.
294 1073 396 1113 Quem
419 1074 512 1104 veste
539 1072 690 1104 coccinea

339 1121 491 1153 ludentes
516 1121 706 1159 induerunt,

291 1170 338 1202 Et
360 1178 480 1203 corona
504 1169 619 1210 spinea

339 1219 427 1250 hunc
453 1218 701 1256 coronaverunt,

292 1267 394 1308 Virga
419 1266 601 1298 arundinea

341 1318 440 1356 eaput
464 1315 707 1355 percusserunt,

287 1364 334 1397 Et
357 1365 405 1396 ita
429 1364 581 1396 intronea

340 1413 457 1453 capitis
482 1413 659 1445 laeserunt.

204 1471 260 1507 14.
290 1471 389 1512 Cujus
411 1480 467 1504 cor
494 1471 716 1503 dulcissimum

339 1520 611 1559 amaricaverunt,

290 1569 465 1602 Hominem
496 1566 647 1601 deificum

338 1618 425 1650 male
448 1618 685 1656 tractaverunt,

291 1667 371 1700 Cum
395 1669 433 1699 ut
456 1666 584 1698 hostem
609 1663 777 1706 publicum

337 1715 446 1755 ipsum
470 1714 657 1755 ligaverunt

289 1763 336 1796 Et
360 1764 451 1795 velut
475 1761 656 1794 maleficum

337 1810 448 1853 flagris
475 1811 674 1843 ceciderunt.

203 1872 261 1907 15.
289 1871 391 1912 Quem
413 1872 520 1903 morte
543 1869 735 1909 turpissima

339 1919 505 1954 damnavit
528 1918 666 1955 Pilatus,

288 1969 357 2009 Quo
385 1977 465 2001 voce
489 1967 674 2000 rectissima

338 2020 410 2050 erat
433 2019 615 2055 excusatus,

288 2066 344 2099 Sic
366 2065 464 2099 trabe
486 2065 679 2107 gravissima

339 2115 444 2148 crucis
471 2116 635 2154 oneratus,

290 2164 349 2198 Cui
375 2167 464 2197 sorte
489 2163 634 2204 pessima

337 2212 402 2246 fuit
422 2213 620 2245 acclavatus.

201 2274 258 2309 16.
286 2273 348 2315 Qui
375 2282 491 2306 cruore
516 2271 652 2313 proprio

335 2320 398 2355 fuit
423 2321 622 2361 madidatus,

286 2371 367 2405 Cum
394 2371 508 2404 dolore
532 2369 632 2403 nimio

336 2430 409 2455 cum
435 2423 485 2453 est
508 2418 704 2461 flagellatus,

855 93 924 129 189
977 116 1022 120 -

869 193 916 226 ΙΙ.

1006 271 1141 311 Quando
1163 272 1249 302 serto
1275 271 1387 310 spineo

1053 318 1118 351 fuit
1141 321 1313 351 coronatus

1002 367 1048 400 Et
1074 377 1144 399 cum
1170 376 1286 408 magno
1314 368 1421 400 crucio

1055 416 1143 448 cruci
1169 416 1365 449 acclavatus.

918 479 974 511 17.
1003 479 1102 519 Cujus
1129 478 1236 511 carnis
1261 479 1403 511 tunicam

1055 527 1327 567 dilaceraverunt,

1002 575 1088 607 Dum
1112 583 1172 616 per
1198 574 1323 615 virgam
1349 583 1498 615 asperam

1050 624 1134 656 hanc
1158 621 1419 665 flagellaverunt,

1005 671 1085 705 Cum
1112 680 1263 705 coronam
1288 672 1434 712 spineam

1051 721 1127 753 huic
1151 719 1385 760 imposuerunt,

1000 768 1065 801 Per
1092 770 1202 801 clavos
1229 770 1260 799 et
1285 768 1432 800 lanceam

1048 817 1135 849 hunc
1160 816 1423 849 vulneraverunt.

915 880 972 913 18.
1002 879 1100 920 Cujus
1127 879 1256 920 sanguis
1279 877 1429 911 funditur

1049 926 1269 969 flagellatione

993 976 1039 1008 Et
1062 979 1236 1016 postquam
1260 975 1411 1008 illuditur

1047 1023 1266 1063 coronatione,

996 1073 1080 1105 Item
1108 1080 1178 1104 cum
1206 1071 1392 1103 extenditur

1045 1119 1255 1154 crucifixione

997 1168 1044 1201 Et
1070 1177 1141 1200 cum
1166 1168 1252 1199 latus
1278 1167 1436 1208 panditur

1044 1216 1258 1249 lanceatione.

913 1276 969 1310 19.
997 1275 1058 1315 Qui
1082 1276 1226 1308 montem
1254 1273 1424 1306 Calvariae

1034 1326 1151 1364 :sponte
1175 1332 1240 1355 non
1264 1322 1368 1354 invite

994 1372 1131 1413 Adiens,
1159 1370 1233 1403 fons
1259 1371 1394 1412 gratiae,

1044 1421 1122 1453 tulit
1144 1420 1268 1460 lignum
1294 1420 1392 1460 vitae,

995 1470 1096 1511 Quem
1124 1478 1196 1502 cum
1221 1467 1338 1500 fierent
1363 1468 1459 1501 anxie

1043 1519 1064 1553 J
1067 1517 1297 1558 erusolimitae,

992 1567 1068 1600 Ait:
1097 1566 1175 1600 Sion
1199 1564 1298 1606 filiae,

1041 1614 1123 1648 flere
1147 1623 1199 1647 me
1222 1614 1334 1649 nolite.

914 1676 970 1708 20.
999 1674 1060 1715 Qui
1088 1674 1129 1707 de
1156 1673 1237 1705 coeli
1262 1673 1359 1705 vinea

1045 1723 1158 1755 botrus
1185 1724 1236 1753 est
1260 1730 1408 1762 egressus

992 1772 1044 1804 Ac
1068 1780 1129 1811 per
1154 1770 1333 1802 torcularia

1043 1819 1148 1852 crucis
1175 1816 1238 1851 fuit
1262 1827 1404 1859 pressus,

992 1869 1081 1909 Quae
1107 1871 1140 1900 et
1163 1867 1350 1900 voluntaria

1040 1919 1150 1949 mente
1176 1918 1226 1948 est
1249 1916 1425 1959 ingressus,

993 1966 1129 2007 Quando
1156 1964 1198 1997 ad
1226 1963 1378 1997 Calvaria

1042 2015 1115 2047 loca
1140 2012 1214 2047 fixit
1238 2022 1378 2054 gressus.

909 2074 964 2107 21.
991 2074 1052 2114 Qui
1078 2076 1129 2106 est
1152 2072 1259 2112 prima
1283 2072 1417 2116 veritas,

1044 2131 1064 2154 a
1088 2120 1181 2155 falsis
1209 2121 1391 2164 damnatur,

997 2171 1165 2204 Virtutum
1191 2169 1362 2202 sinceritas

1045 2222 1137 2252 aceto
1161 2220 1304 2261 potatur,

993 2268 1087 2301 Felle
1111 2276 1236 2302 summa
1261 2268 1404 2301 suavitas

1044 2321 1077 2350 et
1102 2316 1309 2357 amaricatur,

994 2366 1047 2399 Ab
1072 2365 1192 2408 iniquis
1219 2366 1366 2407 aequitas

1047 2416 1170 2457 injuste
1192 2417 1338 2449 necatur.
