1656 2674
682 46 948 82 —138—

192 173 200 180 .
227 141 317 179 Bene
340 148 376 177 tu
400 145 527 178 laetitia

276 194 373 227 Faris
398 192 543 233 Israelis,

231 241 312 281 Quia
337 241 507 282 sapientia,

278 289 366 329 Quae
390 291 506 330 regnat
528 288 563 320 in
587 288 685 321 caelis

227 338 274 370 Te
298 337 440 378 replevit
465 336 580 378 gratia,

274 385 321 418 Ut
346 394 409 418 vox
437 384 601 418 Gabrielis

225 433 347 466 Docuit
371 433 567 473 praenuntia

273 481 318 514 Et
343 481 537 514 Ezechielis.

195 586 201 593 .
231 554 334 598 Caput
359 561 392 590 et
415 558 612 599 principium

276 606 327 638 Tu
353 615 386 638 es
412 605 616 647 feminarum,

229 653 334 687 Carne
360 654 593 687 continentium

272 702 319 735 Et
344 704 599 745 conjugatorum,

225 751 335 792 Expia
361 751 534 784 confinium

277 800 546 833 conscientiarum

227 848 311 889 Juge
336 857 395 889 per
421 848 588 881 servitium

276 896 351 928 Tibi
379 897 579 929 devotarum.

191 1000 198 1008 .
225 970 348 1007 Domus
373 974 459 1014 regis
486 974 601 1006 coelici

274 1021 336 1054 Vel
362 1022 579 1063 imperatoris,

227 1069 325 1102 Ohori
350 1079 444 1111 quem
471 1070 609 1110 angelici

275 1118 431 1151 Laudant
457 1119 581 1151 cunctis
607 1119 705 1163 horis,

226 1165 333 1198 Melos
359 1167 454 1207 huJ'us
481 1167 598 1198 cantici

277 1214 325 1248 Ob
352 1215 477 1256 signum
503 1216 621 1248 amoris

229 1262 404 1296 Canentem
430 1262 484 1296 fac
508 1262 623 1303 perfici

275 1311 365 1353 Lege
387 1312 615 1352 redemptoris

192 1415 198 1421 .
226 1383 425 1429 Engaddina
449 1390 544 1422 vinea

277 1436 463 1469 Balsamum
491 1438 571 1469 dans
598 1439 694 1478 vitae,

229 1484 321 1524 Quod
347 1484 413 1517 fert
437 1487 480 1519 ad
507 1486 640 1519 aethera

277 1532 319 1565 Se
342 1537 470 1566 utentes
494 1534 568 1577 rite,

226 1581 293 1622 Me,
320 1585 424 1615 mater
448 1583 597 1623 virginea

278 1629 463 1664 Consoleris
488 1631 577 1670 mite,

230 1677 309 1711 Cum
334 1688 398 1712 vox
424 1680 510 1713 dicet
536 1678 646 1713 ferrea

273 1728 325 1760 Ite
349 1728 402 1760 vel
429 1728 553 1762 Venite.

193 1830 201 1839 .
227 1801 355 1839 Frutex
381 1805 469 1838 botri
495 1806 650 1847 Cypridis

274 1853 328 1886 Ex
355 1863 417 1894 quo
442 1853 515 1888 fluit
539 1855 660 1896 vinum,

227 1901 321 1941 Quod
345 1903 485 1944 largitur
509 1904 635 1936 timidis

277 1951 433 1983 Amorem
460 1952 615 1993 divinum,

226 1998 383 2031 Precibus
411 2000 453 2032 da
477 2000 597 2033 validis

276 2047 395 2080 Rorem
421 2049 625 2089 matutinum,

228 2094 288 2134 Qui
314 2099 422 2129 servet
447 2107 466 2130 a
490 2097 649 2131 morbidis

274 2143 379 2176 Tuum
405 2145 607 2186 inquilinum.

194 2247 201 2255 .
230 2216 381 2254 Genitrix
405 2220 544 2255 mirifica

277 2269 392 2301 Omnia
419 2270 558 2303 creantis

227 2315 274 2348 Et
296 2321 401 2350 morte
426 2317 579 2351 tristifica

275 2365 361 2397 Tuos
387 2366 568 2406 liberantis,

928 143 994 177 Cor
1019 140 1225 182 sapientifica

976 190 1051 223 Tibi
1077 188 1277 231 famulantis,

930 239 1070 272 Caecum
1096 238 1194 278 culpa.
1216 238 1348 270 lubrica

979 287 1094 320 Carnis
1121 286 1311 326 petulantis.

871 365 902 398 8.
930 361 1072 398 Humilis
1096 362 1268 404 virginitas

978 413 1026 446 Te
1050 415 1155 453 ornat,
1181 411 1302 456 Maria,

930 462 1070 502 Insuper
1094 461 1285 493 maternitas

976 508 1118 543 Domino
1142 508 1268 541 Messia

930 558 983 591 Ex
1008 561 1041 590 te
1065 559 1153 600 nato,
1180 557 1311 590 bonitas

977 607 1048 639 Tua
1074 605 1171 647 adsit,
1198 606 1264 649 pia,

929 655 1082 688 Hostium
1107 654 1261 695 iniquitas

977 702 1143 744 Deprimit
1167 712 1219 735 me
1244 704 1333 744 quia.

870 783 903 816 9.
931 778 1051 822 Ingere
1075 778 1237 824 justitiam

978 829 1077 870 Legis
1103 837 1163 868 per
1187 833 1335 861 tenorem

931 877 1078 918 Abigens
1103 877 1263 909 malitiam

976 926 1023 958 Et
1048 925 1116 965 ejus
1141 928 1317 969 auctorem,

928 974 1112 1014 Exstingue
1136 974 1302 1007 lasciviam

979 1022 1113 1056 Gratiae
1137 1031 1197 1063 per
1219 1032 1336 1063 rorem,

930 1071 1108 1104 Praestans
1132 1071 1365 1104 continentiam

978 1119 1125 1160 Ejusque
1150 1128 1291 1152 amorem

847 1197 901 1230 10.
928 1193 1144 1230 Kathedralis
1172 1196 1312 1237 dignitas

978 1245 1026 1277 Te
1049 1244 1314 1285 praehonoravit‚

930 1292 1054 1327 Christi
1079 1293 1208 1333 quando
1236 1294 1343 1326 deitas

977 1343 1018 1375 In
1042 1343 1078 1372 te
1101 1341 1273 1383 habitavit,

932 1389 1030 1430 Cujus
1056 1390 1188 1422 tandem
1214 1391 1320 1431 pieta-s

980 1438 1034 1471 Sic
1058 1441 1092 1469 te
1120 1439 1316 1478 sublimavit,

932 1486 1023 1526 Quod
1048 1494 1101 1519 res
1126 1487 1186 1519 tibi
1212 1491 1338 1520 ceteras

980 1535 1120 1568 Cunctas
1145 1536 1342 1577 subjugavit.

847 1613 903 1646 11.
929 1610 1072 1648 Laetare
1096 1614 1296 1655 perenniter,

978 1661 1123 1701 Fulgens
1146 1662 1244 1695 stella
1266 1662 1378 1705 maris⁷

931 1709 1158 1743 Inevellibiter

981 1760 1021 1792 In
1046 1758 1136 1791 coelo
1161 1759 1291 1802 locaris,

930 1807 977 1840 Et
1001 1808 1240 1848 perpetualiter

980 1856 1032 1888 lbi
1055 1856 1246 1896 jucundaris

932 1904 982 1937 Te
1008 1904 1151 1937 colentes
1173 1905 1298 1947 jugiter

982 1953 1118 1993 Semper
1143 1955 1275 1987 tuearis,

849 2031 906 2064 12.
933 2027 1098 2065 Mannatis
1125 2040 1160 2063 es
1186 2041 1286 2064 aurea

983 2080 1086 2120 Urna,
1115 2080 1202 2121 quod
1228 2081 1415 2113 credentem

934 2127 1040 2161 Sat-iat.
1064 2128 1098 2160 in
1124 2137 1203 2161 area.

981 2176 1102 2209 Mundi
1124 2185 1161 2208 se
1186 2177 1357 2217 colentem,

931 2224 1054 2256 Precor
1080 2233 1098 2256 ο
1125 2224 1272 2265 virginea

981 2272 1092 2304 Mater
1117 2276 1344 2307 senescentem

930 2320 989 2353 Me
1013 2320 1076 2353 hoc
1100 2320 1172 2353 cibo
1196 2330 1311 2354 recrea

982 2367 1087 2401 Came
1114 2368 1339 2403 decedentem.
