1656 2674
230 470 309 504 121.

223 866 304 901 122.

221 1263 301 1297 123.

217 1660 296 1695 124.

215 2058 295 2092 125.

338 170 469 211 Rigavit
492 169 595 202 literis

386 221 418 250 et
442 217 610 258 sapientia.

337 266 442 300 Castri
468 265 605 306 angelici

385 315 485 347 cinxit
510 313 666 354 custodia,

336 363 450 396 Beavit
475 363 609 402 insuper

381 420 440 443 sua
463 410 658 451 praesentia.

336 469 420 502 Nam
445 468 606 508 sapientia

381 517 481 549 vincis
506 516 713 557 Majugenam

331 564 636 605 Philosophiamque

379 613 631 649 Aristotelicam,

329 663 509 701 Maronem,
536 662 688 703 Tullimn,

377 713 517 743 mentem
542 710 754 752 Platonicam,

330 760 491 800 Plautum,
519 758 732 799 Macrobium,

377 809 532 840 moralem
559 807 723 840 Senecam.

329 867 369 900 111
394 869 428 898 te
452 866 613 906 recipiunt

378 917 466 946 serta
490 914 663 955 laurigera,

329 963 390 1002 Qui
416 963 521 994 carnis
546 962 724 1003 mundique

376 1011 548 1044 devincunt
574 1011 709 1048 scelera,

326 1060 376 1092 Tu
400 1068 451 1091 me
477 1069 497 1091 a
523 1060 645 1100 cespite

373 1108 500 1148 peccati
524 1108 654 1146 rudera,

325 1157 372 1190 Ut
398 1157 582 1189 coronarier

373 1205 495 1245 possim
518 1205 572 1237 vel
597 1205 729 1240 hedera.

328 1263 378 1295 Tu
404 1272 437 1295 es
464 1263 596 1295 aureola

373 1320 484 1344 aroma
507 1312 683 1352 continens,

324 1360 413 1392 Mira
439 1360 609 1393 dulcedine

372 1412 495 1440 mentes
519 1409 677 1448 reficiens³

329 1456 426 1497 CuJus
452 1455 644 1498 fraglamine

374 1504 505 1546 fugatur
534 1506 681 1539 saeviens

325 1554 456 1595 Anguis.
487 1553 633 1587 fidelium

372 1606 496 1635 mentes
520 1602 677 1638 inficiens,

326 1661 350 1695 O
378 1661 584 1702 pigmentarii

374 1710 521 1742 coelestis
547 1711 682 1751 species,

322 1758 410 1798 Quae
434 1759 649 1792 medicamine

369 1817 532 1848 nunquam
559 1807 700 1850 deficies,

323 1855 515 1888 Precantem
540 1858 713 1899 servulum,

370 1905 436 1945 pia,
463 1904 630 1947 laetifices,

320 1953 429 1993 Ipsius
456 1954 620 1986 medicans

370 2002 500 2034 morbos
526 2003 733 2044 multiplices.

322 2059 407 2092 Nam
432 2061 594 2093 medicina
620 2071 664 2102 es,

371 2111 425 2141 tuo
452 2110 599 2142 acumine

322 2156 457 2189 Animas
483 2167 639 2199 reparans

370 2206 516 2246 privatas
541 2208 662 2240 lumine

321 2253 461 2288 Divinae
485 2256 620 2298 gratiae,

371 2312 421 2334 me
449 2304 529 2336 coeli
557 2305 694 2338 culmine

322 2350 464 2392 Dignum
489 2351 612 2385 efficias

370 2404 424 2432 tuo
448 2402 643 2441 precamine.

777 68 1017 103 —32—

926 168 1005 202 126.

922 565 1004 599 127.

918 965 999 999 128.

915 1366 995 1399 129.

914 1765 994 1799 130.

915 2164 994 2199 131.

1034 166 1059 199 Ο
1086 164 1156 204 fios,
1183 166 1365 196 aromatum

1082 213 1211 254 spirans
1238 210 1448 252 fraglantiam

1030 264 1116 296 Prae
1143 261 1267 293 cunctis
1293 259 1469 301 possidens

1079 311 1237 343 virtutum
1262 308 1412 350 gratiam,

1030 360 1100 393 Tuo
1126 358 1304 399 spiramine

1079 408 1167 449 pelle
1192 407 1346 440 astutiam

1031 456 1200 497 Serpentis
1226 455 1357 489 subdoli

1078 508 1176 546 atque
1199 504 1369 537 malitiam.

1032 564 1083 597 Tu
1106 563 1242 605 myrrha
1269 562 1388 595 diceris

1076 611 1346 654 mortificaminis,

1028 663 1138 703 Atque
1164 661 1286 695 assidui

1076 711 1151 743 thus
1179 710 1428 751 deprecaminis‚

1029 759 1121 799 Quod
1150 760 1180 791 vi
1207 759 1407 791 consumitur

1073 808 1207 849 superni
1231 807 1384 848 flaminis,

1027 857 1162 897 Quando
1190 857 1320 897 eligeris

1074 907 1107 938 in
1133 909 1271 937 matrem
1296 905 1446 939 numinis,

1026 964 1078 997 Tu
1103 973 1230 1005 quoque
1255 964 1412 996 scriberis

1073 1013 1209 1054 pudoris
1235 1013 1351 1052 lilium,

1024 1062 1251 1104 Flagransque
1277 1062 1374 1102 viola,

1074 1109 1180 1143 forma
1205 1111 1387 1151 humilium,

1025 1159 1147 1199 Quibus
1174 1169 1194 1191 a
1215 1160 1345 1200 superis

1073 1208 1199 1241 aeterni
1223 1206 1328 1240 filium

1023 1257 1133 1290 Patris
1160 1260 1344 1291 attraxeras

1073 1305 1167 1338 nobis
1193 1306 1361 1339 auxilium.

1024 1365 1049 1398 O
1076 1363 1186 1398 frutex
1211 1364 1359 1400 balsami.

1072 1418 1108 1447 tu
1132 1414 1309 1454 pretiosior

1025 1463 1119 1497 Omni
1145 1466 1292 1495 aromate

1072 1515 1168 1553 atque
1195 1510 1400 1553 fraglantior,

1024 1560 1200 1593 Thesauris
1226 1561 1375 1593 omnibus

1076 1613 1112 1641 tu
1136 1609 1217 1641 mihi
1244 1610 1361 1651 carior,

1023 1658 1108 1690 Nam
1137 1659 1296 1691 creaturis
1323 1668 1357 1691 es

1072 1708 1197 1741 cunctis
1222 1709 1456 1748 praestantior.

1022 1766 1074 1799 Tu
1101 1766 1337 1799 cinnamomum
1365 1776 1398 1800 es

1072 1815 1202 1855 spirans
1227 1814 1359 1848 mirifici

1023 1863 1141 1897 Odoris
1166 1864 1329 1904 nebulam,

1072 1922 1134 1953 quo
1162 1913 1249 1946 cives
1277 1915 1391 1947 coelici

1020 1961 1204 1994 Pascuntur
1229 1972 1404 2005 omnesque

1073 2011 1296 2054 ecclesiastici,

1024 2058 1122 2100 Cujus
1147 2060 1344 2102 participem

1070 2118 1122 2141 me
1147 2118 1247 2149 posco
1275 2109 1372 2144 effici.

1023 2165 1047 2199 Ο
1075 2176 1150 2200 rosa
1174 2169 1328 2202 redolens

1070 2216 1236 2255 spiramen
1259 2216 1455 2261 flammeum,

1022 2262 1090 2302 Quo
1115 2273 1238 2297 summe
1261 2267 1379 2309 diliges

1070 2311 1176 2345 Deum
1203 2318 1236 2346 et
1259 2317 1457 2362 proximum,

1021 2359 1095 2392 Hoc
1118 2370 1225 2395 meum
1250 2373 1365 2398 recrea

1071 2418 1168 2443 exoro
1195 2412 1349 2455 animum,
