1656 2674
228 176 285 211 15.
311 173 453 210 Pudoris
477 176 595 208 stabile

360 223 452 257 fuisti
476 224 590 263 lilium,

312 273 405 314 Quod
428 273 552 305 nullum
576 271 676 304 labile

361 321 498 363 portasti
524 319 647 362 folium,

314 369 366 402 Sis
392 369 589 401 consolabile

358 417 452 450 nobis
477 417 675 457 praesidium

314 465 360 499 Et
382 465 534 497 iterabile

360 514 403 547 ad
429 514 511 545 coeli
535 513 695 554 gaudium.

229 581 285 615 16.
315 578 385 620 Quo
408 581 478 613 sine
503 581 640 614 termino

359 630 446 662 laeta
470 627 660 672 perfrueris,

310 677 431 710 Divina
454 678 625 718 speculans

357 735 439 767 prae
462 726 582 759 sanctis
609 726 735 767 ceteris,

310 773 487 807 Precamur
511 775 634 815 intime,

358 823 408 855 uti
434 823 628 865 memineris,

311 872 351 904 In
376 881 438 912 quo
465 872 651 904 discrimine

359 922 431 953 tuos
462 920 632 953 dimiseris.

227 988 283 1022 17.
310 984 434 1021 Remus
459 987 494 1019 in
518 987 633 1027 pelago

358 1036 402 1068 sis
427 1035 697 1077 naufragantium,

311 1083 455 1116 Solatrix
475 1083 640 1125 pauperis,

361 1133 448 1164 salus
474 1132 705 1176 languentium,

310 1181 492 1213 Reductrix
514 1181 674 1212 scelerum

360 1228 621 1271 exorbitantium,

311 1277 561 1309 Intinerantium

358 1328 463 1357 tutum
489 1325 673 1366 hospitium.

760 76 1027 113 —124—

930 174 986 209 18.
1014 170 1214 214 Stellamque
1236 173 1385 207 nauticus

926 579 981 614 19.

926 987 982 1020 20.

1057 224 1091 254 te
1116 222 1214 254 maris
1239 221 1395 263 nominat,

1011 270 1110 311 Cujus
1138 270 1308 303 ducamine

1061 319 1105 352 ad
1129 322 1259 360 portum
1282 318 1429 362 remigat,

1009 367 1081 400 Tua
1105 377 1164 400 nos
1189 368 1295 408 pietas

1058 416 1101 449 ad
1126 417 1228 449 vitam
1257 416 1387 457 dirigat,

1007 464 1048 497 In
1072 473 1136 505 qua
1158 464 1347 505 perenniter

1053 513 1161 553 justus
1186 513 1357 554 tripudiat.

1011 578 1059 614 Te
1084 579 1187 613 dulcis
1212 578 1298 612 filius

1056 628 1091 661 111
1115 628 1334 661 sanctuarium

1008 677 1120 718 Elegit
1142 677 1296 717 primitus

1056 726 1127 758 sive
1149 726 1338 768 sacrarium,

1010 774 1079 814 Qua
1104 783 1182 807 suae
1207 774 1332 815 gratiae

1056 825 1202 863 praestat
1230 823 1409 864 donarium,

1009 870 1077 910 Quo
1102 873 1192 903 tuum
1215 870 1313 903 refice

1057 919 1315 960 stipendiarium.

1009 983 1113 1028 Virgo
1141 990 1174 1018 et
1198 986 1339 1027 genitrix

1060 1034 1181 1067 Ghn'sti
1205 1039 1375 1076 perpetua,

1010 1082 1151 1123 Superni
1173 1084 1357 1124 pneumatis

1058 1131 1165 1163 imbre
1189 1141 1247 1164 nos
1275 1132 1389 1173 irriga,

1009 1179 1100 1212 Pelle
1124 1180 1190 1211 vim
1215 1180 1355 1213 hostium

1059 1231 1237 1268 cunctaque
1261 1237 1375 1271 nocua,

1008 1276 1040 1308 A
1065 1278 1100 1308 te
1122 1276 1331 1308 laudantibus

1058 1325 1158 1357 laude
1184 1325 1344 1358 continua.

304 1410 386 1438 Orat.
409 1420 463 1438 ms.
477 1412 662 1447 Tegurinum
682 1419 758 1439 saec.
776 1408 820 1438 15.
842 1410 916 1439 Olm.
932 1411 1050 1439 Monac.
1074 1409 1110 1438 19
1118 1408 1177 1438 824
1195 1410 1247 1438 fol.
1271 1409 1309 1439 50
1326 1419 1353 1439 a.
1367 1411 1401 1439 B.
1422 1428 1462 1432 —
1482 1411 1566 1440 Orat.

231 1458 287 1479 1115.
309 1450 491 1486 'Peg-urinum
514 1458 590 1477 saec.
613 1449 658 1477 15.
675 1450 749 1478 Clm.
769 1449 887 1477 Monac.
908 1447 1008 1478 20001
1030 1449 1082 1478 fol.
1104 1448 1160 1478 115
1181 1458 1207 1477 a.
1230 1450 1267 1478 A.

705 1562 755 1594 34.
796 1562 1010 1595 Abecedarius
1031 1562 1085 1594 IX.

252 1644 285 1678 1.
310 1641 384 1678 Ave
408 1644 572 1685 millesies,

358 1702 377 1725 o
402 1693 521 1725 rubens
545 1693 665 1733 rosula,

311 1741 413 1781 Quam
437 1742 527 1774 nulla
552 1742 660 1783 tetigit

358 1790 486 1831 peccati
510 1790 638 1831 nebula,

310 1838 498 1872 Laudantes
525 1839 666 1871 carmine

360 1892 394 1919 te
417 1890 526 1919 mente
550 1887 674 1929 sedula,

312 1935 391 1968 Tuis
417 1936 603 1977 precatibus

359 1984 465 2017 salves
490 1993 551 2025 per
575 1985 715 2019 saecula.

255 2053 289 2086 2.
315 2048 421 2086 Beata
445 2053 585 2093 genitrix

348 2101 451 2141 prolis
479 2110 512 2133 es
534 2104 675 2142 tenerae,

312 2150 352 2182 In
378 2158 500 2182 summo
525 2150 687 2191 perpetim

359 2198 525 2238 regnantis
551 2199 693 2240 aethere,

312 2244 459 2285 Hymnos
482 2255 535 2278 me
560 2247 708 2287 gnaviter

361 2292 416 2326 fac
439 2294 501 2326 tibi
526 2295 678 2336 psallere,

313 2341 417 2373 Tuam
440 2345 479 2374 ut
502 2344 640 2384 gratiam

366 2399 481 2430 queam
506 2392 684 2432 acquirere.

949 1646 982 1679 3.

1010 1642 1127 1679 Concio
1155 1646 1290 1678 credula

1058 1703 1115 1726 seu
1141 1693 1368 1727 Christianitas

1010 1741 1132 1775 Stellae
1159 1743 1337 1783 conjubilet

1058 1791 1174 1824 laudes
1199 1801 1261 1835 per
1288 1792 1426 1833 debitas,

1011 1839 1099 1879 Quae
1125 1841 1214 1873 coelo
1239 1841 1364 1882 rutilat,

1060 1889 1151 1929 cujus
1175 1889 1333 1922 serenitas

1009 1937 1178 1971 Dissolvat
1202 1938 1366 1970 hominum

1061 1987 1173 2027 culpas
1198 1988 1405 2028 praeteritas

978 2079 986 2087 .
1012 2050 1066 2088 Da
1090 2063 1221 2087 manum
1246 2056 1372 2096 gratiae

1061 2103 1180 2144 stipem
1205 2104 1403 2146 petentibus,

1013 2150 1127 2184 Robur
1151 2153 1265 2185 auxilii

1064 2199 1300 2241 deficientibus,

1012 2248 1094 2281 Viae
1117 2249 1271 2282 viaticum

1061 2298 1358 2340 peregrinantibus,

1012 2344 1133 2378 Veram
1159 2348 1368 2381 concordiam

1061 2403 1146 2427 vane
1170 2395 1364 2432 rixantibus
