1656 2674
772 89 1040 125 —187—

228 278 286 312 41.
317 278 378 311 Oui
402 279 507 313 Judas
532 285 571 314 ut
595 283 729 316 coluber

365 327 597 372 insidiabatur,

316 376 464 410 Tradere
489 377 654 412 fallaciter

363 433 436 457 cum
462 427 550 459 hunc
576 428 765 471 conabatur,

313 472 345 505 A
371 473 508 507 {Iudaeis
534 476 645 508 viliter

366 524 654 564 eompretiabatur,

314 569 409 602 Vatis
434 573 482 604 ita
507 573 650 612 pleniter

366 619 488 652 dictum
513 620 723 661 implebatur.

225 706 285 740 42.
313 706 375 746 Qui
402 707 655 740 consolatorium

362 755 469 788 edidit
494 764 676 788 sermonem

313 802 451 836 Suorum
477 804 665 845 sequacium

360 856 437 893 post
460 852 684 895 refectionem,

310 900 540 934 Continentem
564 902 710 935 tristium

363 950 627 991 consolationem,

310 998 435 1030 Rerum
463 997 649 1031 difficilium

360 1048 635 1086 explanationem.

226 1135 287 1168 43.
314 1134 376 1174 Qui
405 1135 546 1167 creantis
573 1136 681 1168 omnia

362 1183 468 1222 patris
494 1186 544 1215 est
569 1183 696 1224 sophia,

315 1231 418 1271 Quem
444 1234 540 1264 ornat
564 1231 729 1265 industria

361 1282 473 1312 mente
498 1289 626 1320 quoque
650 1281 717 1323 pia,

309 1329 420 1362 Pavor
446 1331 479 1360 et
502 1329 639 1361 tristitia

360 1377 469 1418 ipsum
495 1381 643 1418 gravant,
671 1378 747 1419 quia

312 1425 459 1458 Stantem
488 1426 523 1458 in
550 1428 700 1468 angustia

364 1483 422 1507 seu
446 1475 481 1507 in
507 1475 632 1515 agonia.

227 1563 286 1596 44.
314 1561 437 1595 Contra
463 1571 558 1603 quem
585 1562 781 1596 damnabilis

366 1611 472 1644 Judas
497 1611 704 1644 machinatur

313 1659 360 1691 Et
383 1659 615 1700 impretiabilis

361 1709 469 1740 numis
496 1712 714 1750 comparatur⁷

310 1755 351 1788 In
379 1756 681 1798 comprehensibilis

362 1804 503 1837 vinculis
530 1805 663 1846 ligatur,

318 1852 519 1888 Judaeorum
544 1854 675 1894 populis

364 1902 413 1934 ita
436 1904 676 1944 praesentatur.

229 1991 287 2025 45.
315 1989 377 2030 Qui
404 1999 476 2023 cum
503 1991 603 2023 dixit:
646 1991 717 2032 Ego
744 2001 825 2033 sum,

363 2038 407 2071 ad
428 2048 465 2072 se
489 2044 722 2080 persequentes

314 2087 480 2121 Abierant
504 2090 685 2121 retrorsum

362 2136 395 2169 in
423 2140 546 2170 terram
574 2137 738 2178 cadentes,

314 2185 413 2219 Velut
439 2186 495 2227 qui
522 2186 564 2218 de
591 2186 742 2219 deorsum

363 2236 475 2269 terrae
500 2235 718 2268 adhaerentes

312 2284 358 2318 Et
384 2293 405 2317 a
428 2284 500 2317 Deo
527 2293 674 2317 seorsum

363 2341 436 2366 sese
463 2333 659 2367 dividentes.

880 198 920 232 V.

937 286 993 319 46.

934 710 992 745 47.

934 1135 993 1168 48.

935 1563 993 1597 49.

935 1991 993 2025 50.

1021 284 1083 325 Qui
1108 294 1179 317 cum
1203 293 1278 317 suos
1303 285 1446 317 aemulos

1075 336 1224 366 cerneret
1248 334 1375 365 saevire

1021 381 1092 413 Nec
1116 385 1242 414 terrore
1267 382 1421 414 tremulos

1068 431 1169 463 vellet
1193 429 1331 473 resilire,

1020 478 1067 510 Et
1090 479 1133 511 ad
1158 479 1279 510 malum
1302 479 1433 511 sedulos

1069 536 1132 559 non
1160 527 1260 559 vellet
1285 526 1400 568 lenire,

1020 575 1088 617 Ait,
1117 575 1175 607 hos
1204 575 1381 615 discipulos

1067 623 1164 656 sinite
1189 623 1291 655 abire.

1021 708 1119 750 Cujus
1146 710 1216 742 zelo
1245 709 1374 742 ducitur

1068 757 1185 791 Petrus
1207 758 1285 790 hinc
1309 756 1485 797 ferventer,

1017 807 1083 839 Per
1109 816 1203 848 quem
1230 809 1262 838 et
1285 807 1469 846 percutitur

1067 855 1219 888 Malchus
1242 854 1462 896 vehementer,

1017 903 1077 937 Oui
1103 904 1192 936 salus
1217 903 1370 935 redditur

1065 961 1126 992 per
1154 951 1317 985 Christum
1344 952 1529 990 clementer,

1018 1001 1050 1032 A
1075 1008 1136 1040 quo
1164 1003 1196 1032 et
1220 999 1367 1040 arguitur

1068 1048 1186 1080 Petrus
1213 1051 1445 1088 competenter.

1017 1135 1058 1168 In
1083 1143 1178 1176 quem
1203 1135 1394 1167 temerarias

1068 1192 1182 1216 manus
1207 1183 1401 1223 injecerunt,

1018 1231 1138 1264 Manus
1166 1232 1234 1272 ejus
1260 1234 1391 1264 teneras

1069 1278 1146 1313 fune
1171 1280 1364 1323 ligaverunt,

1019 1328 1157 1362 Viarum
1181 1337 1242 1369 per
1267 1328 1414 1361 salebras

1069 1378 1180 1410 viliter
1203 1380 1384 1418 traxerunt,

1016 1426 1205 1467 Multasque
1229 1426 1366 1466 injurias

1069 1475 1133 1516 ipsi
1156 1474 1345 1507 intulerunt.

1017 1561 1078 1603 Qui
1103 1565 1218 1604 pastor
1245 1563 1428 1602 percutitur

1069 1612 1219 1652 maleque
1243 1614 1415 1652 tractatur,

1023 1659 1123 1699 Cujus
1149 1669 1230 1700 grex
1257 1660 1458 1702 dispergitur

1073 1712 1107 1740 et
1129 1709 1382 1746 scandalizatur,

1020 1757 1169 1789 Vinculis
1198 1757 1440 1799 constringitur7

1070 1814 1090 1837 a
1115 1807 1214 1839 Petro
1242 1809 1390 1850 negatur,

1021 1854 1053 1886 A
1081 1854 1211 1887 Christo
1239 1854 1294 1894 qui
1319 1855 1465 1887 cernitur

1069 1911 1210 1943 moxque
1234 1902 1434 1937 lacrimatur.

1020 1990 1121 2031 Quem
1147 1993 1215 2022 tam
1239 1990 1461 2023 venerabilem

1068 2048 1108 2072 ac
1132 2039 1287 2072 dilectum
1310 2040 1417 2072 virum

1019 2087 1107 2120 Vere
1131 2087 1391 2129 praedicabilem

1069 2137 1218 2169 omnibus
1244 2145 1304 2177 per
1330 2146 1445 2178 gyrum

1026 2185 1073 2219 Ut
1097 2185 1353 2218 abhorriabilem

1072 2236 1217 2267 tractant
1241 2238 1274 2266 et
1300 2234 1449 2276 delirum,

1024 2283 1110 2316 Nam
1135 2292 1196 2324 per
1221 2292 1350 2316 servum
1377 2282 1527 2326 fragilem

1073 2332 1171 2365 sumit
1195 2332 1297 2364 ictum
1323 2333 1439 2367 dirum.

305 2420 387 2449 Orat.
410 2430 465 2450 ms.
488 2422 673 2458 'Peg-urinum
694 2430 772 2450 saec.
787 2418 832 2449 15.
856 2421 930 2450 Olm.
952 2421 1071 2449 Monac.
1096 2418 1197 2449 19824
1217 2419 1267 2448 fol.
1290 2417 1355 2449 248.
1380 2432 1406 2449 a.
