1656 2674
748 102 989 138 -53—

205 202 262 236 20.
293 201 375 234 Vale
391 210 487 242 nunc,
517 211 535 235 o
553 202 690 243 pulchra
707 202 838 244 virgun-
913 203 968 236 23.
997 202 1022 235 O
1040 201 1158 241 Maria,
1184 209 1259 240 spes
1284 202 1397 233 nostra
1417 200 1539 241 vivida,

605 251 689 284 cula.
995 249 1065 283 Nos
1090 250 1262 282 molestant
1289 248 1410 282 delicta
1425 248 1539 289 livida,

296 299 500 340 Supernique
527 302 563 331 tu
588 299 673 340 regis
699 298 822 340 gerula.
998 298 1189 331 Gratiarum
1215 301 1249 329 tu
1275 297 1338 330 rivi
1362 296 1463 330 fluida

293 348 401 381 Tuum
425 346 518 380 aufer
543 348 658 380 mundi
681 347 828 387 pericula
1074 346 1176 379 Nobis
1204 345 1327 380 confer.

373 396 437 428 Per
460 395 623 436 juvamen.
998 395 1023 428 O
1049 395 1167 435 Maria,
1197 395 1359 427 coelorum
1386 394 1527 433 domina,

296 444 386 484 Vale,
412 444 522 477 Mater
545 445 589 476 mi
617 444 814 484 beatissima,
997 443 1197 484 Angelorum
1218 452 1313 484 quani
1330 443 1466 476 laudant
1484 452 1539 484 ag-

294 493 407 526 Mente
432 501 510 533 rogo
536 496 569 525 te
596 492 816 533 devotissima,
1306 491 1403 530 mina,

293 541 393 574 Adsis
419 541 499 573 mihi
524 541 556 573 in
584 540 665 573 hora
689 541 813 581 ultima,
998 540 1069 572 'lua
1092 539 1186 573 nobis
1212 540 1333 579 praebe
1355 539 1521 579 juvamina

373 590 460 630 Fiat,
488 598 594 622 amen.
1075 587 1171 620 Nune
1197 591 1228 619 et
1254 596 1391 628 semper.

205 669 266 701 21.
294 667 319 700 O
345 666 464 705 Maria,
491 665 635 707 gaudens
653 666 841 707 perenniter
914 668 972 701 24.
999 666 1023 699 O
1050 666 1170 700 Maria.
1197 665 1305 706 proles
1332 664 1503 703 Davidica,

294 716 332 748 In
359 715 510 756 supernis
537 718 569 747 et
593 714 797 755 mirabiliter,
999 713 1113 747 Cordis
1132 714 1195 745 mei
1207 713 1322 746 moesti
1340 722 1414 753 spes
1432 713 1537 753 unica,

293 764 347 796 Ad
374 766 406 795 te
434 763 533 796 eorde
558 762 647 795 ‘tristi
672 761 825 796 flebiliter
998 762 1154 795 Servitnti
1179 762 1242 794 Dei
1266 769 1317 794 me
1344 761 1475 802 applica

372 811 590 853 Suspiramus.
1075 811 1152 843 Sine
1177 819 1268 842 mora

294 861 318 894 O
333 859 451 904 Maria,
470 869 531 901 per
544 869 639 902 quam
652 860 686 893 in
700 859 840 900 patriam
998 859 1022 892 O
1048 859 1174 899 Maria,
1202 856 1344 900 flagrans
1371 860 1406 890 ut
1433 857 1541 890 balsa-

293 909 398 942 Exsul
424 909 520 950 redit,
550 910 593 942 da
616 908 807 949 patientiam
1308 915 1404 944 11111111,

293 958 331 990 111
350 958 507 997 0111101515,
535 967 576 990 ne
592 957 626 989 in
646 957 840 990 dementiam
996 956 1062 989 Vas
1076 963 1246 988 reservans
1260 964 1377 987 manna
1393 954 1542 987 dulcissi-

375 1005 579 1039 Corruamus.
1307 1012 1404 1044 mum,

426 1084 432 1090 ‚
517 1083 522 1089 ,
998 1053 1168 1085 Inimicum
1196 1051 1323 1092 depelle
1349 1051 1525 1092 pessimum

209 1085 266 1117 22.
296 1083 321 1117 O
347 1083 466 1124 Maria,
493 1091 583 1124 wrgo
610 1091 783 1126 puerpera,
1073 1100 1193 1133 Mortis
1217 1100 1299 1132 hom

294 1131 381 1164 Nato
401 1135 455 1164 tuo
473 1139 630 1163 11111101105
646 1129 842 1163 confoedera

292 1181 344 1212 Ac
368 1179 409 1211 ab
436 1180 528 1212 hoste
551 1179 689 1220 benigne
712 1179 817 1211 libera

913 1180 969 1212 25.

998 1177 1023 1210 O
1049 1177 1167 1219 Maria,
1196 1177 1338 1218 gaudens
1369 1176 1505 1219 deliciis,

372 1226 539 1260 Infernali.
997 1226 1075 1258 Tuis
1101 1226 1181 1258 mihi
1207 1225 1296 1257 adsis
1321 1224 1507 1267 praesidiis,

292 1276 317 1310 O
344 1276 471 1317 Maria,
500 1285 570 1308 cum
598 1284 721 1308 summo
747 1274 837 1316 prin-
996 1273 1047 1306 Ne
1064 1274 1098 1306 in
1115 1272 1179 1306 fine
1197 1282 1325 1314 mergar
1344 1282 1415 1305 011111
1432 1273 1542 1314 imp'ns

604 1325 676 1365 cipe
1074 1324 1115 1356 111
1140 1321 1313 1355 infernum.

292 1373 391 1407 Coelo
409 1382 559 1417 regnans,
586 1382 645 1405 nos
662 1377 769 1405 tecum
785 1380 836 1405 re·
995 1371 1020 1404 O
1046 1371 1164 1414 Maria,
1191 1370 1348 1412 splendor
1373 1370 1529 1409 sidereus

605 1422 677 1462 cipe
995 1419 1058 1453 Dei
1083 1419 1178 1452 sedes
1206 1421 1236 1451 et
1259 1419 1396 1451 thronus
1413 1426 1541 1458 aureus,

291 1470 335 1503 Et
361 1469 401 1503 ab
428 1471 503 1511 igne
527 1471 562 1503 111
584 1468 649 1502 fine
676 1469 765 1510 eripe
994 1467 1041 1502 Te
1057 1473 1232 1501 conventus
1247 1466 1361 1500 laudat
1372 1466 1542 1499 aethereus

369 1518 562 1552 Gehennali.
1075 1518 1114 1550 In
1139 1520 1318 1550 aeternum.

272 1614 354 1643 Orat.
376 1623 430 1642 ms.
448 1616 633 1651 Tegurinum
653 1623 731 1643 saec.
750 1613 794 1643 15.
818 1614 890 1642 Glm.
905 1614 1024 1642 Monac.
1043 1609 1143 1641 20123
1164 1612 1214 1641 fol.
1231 1610 1287 1640 172
1309 1621 1335 1640 a.
1356 1611 1391 1639 A.
1406 1627 1445 1632 ——
1459 1611 1541 1640 Orat.

192 1664 245 1683 ms.
267 1654 451 1691 Tegurinum
473 1662 551 1682 saec.
575 1652 620 1682 15.
643 1653 716 1682 Clm.
737 1653 855 1682 Monac.
879 1651 914 1681 19
924 1650 980 1681 636
1001 1652 1054 1681 fol.
1069 1650 1126 1681 295
1150 1660 1176 1680 a.
1198 1652 1232 1680 B.
1254 1666 1291 1670 —
1313 1648 1339 1682 2,
1362 1649 1379 1679 6
1403 1650 1542 1679 Thronus

191 1696 291 1723 exstat
316 1692 425 1721 Christi
446 1693 481 1721 Β.
502 1709 540 1713 -
567 1691 593 1727 2,
617 1692 635 1721 4
654 1694 739 1721 Nune
760 1695 928 1730 praestetur
947 1692 981 1721 B.
1004 1707 1043 1711 —
1070 1692 1096 1725 4,
1117 1690 1133 1718 7
1155 1691 1296 1728 pauperis
1319 1698 1430 1725 quaeso
1453 1690 1486 1718 Β.
1503 1704 1543 1709 -

191 1733 219 1768 ’7,
240 1732 260 1761 2
280 1732 382 1760 Mellis
402 1731 498 1760 fluens
519 1732 553 1760 B.
573 1747 611 1752 -—
631 1731 664 1762 8.
686 1729 704 1759 3
726 1731 927 1760 Gonsolamen
945 1738 1022 1759 nunc
1044 1732 1166 1767 praesta
1186 1731 1222 1758 B.
1242 1744 1280 1749 —-
1306 1728 1358 1763 20,
1384 1729 1397 1757 l
1427 1728 1541 1766 Serapi-

193 1772 333 1808 terniqne
353 1774 387 1800 tu
411 1771 444 1799 B.

601 1863 644 1896 19.
689 1863 798 1897 Oratio
821 1863 937 1896 devota
959 1863 996 1896 ‹le
1017 1863 1130 1896 Bam:

192 1949 225 1983 1.
254 1948 416 1982 Bonitatis
440 1947 541 1981 totius
567 1946 698 1987 femina,
908 1948 939 1981 3.
966 1948 1057 1980 Fons
1083 1946 1260 1987 bonorum,
1287 1945 1375 1979 salus
1404 1945 1540 1978 creden-

254 1997 279 2032 Ο
305 1997 424 2036 Maria,
453 1996 615 2030 coelorum
641 1995 780 2038 domina,

253 2048 341 2086 Quae
356 2055 414 2079 nos
427 2050 590 2086 premunt,
607 2045 751 2078 dissolve
763 2045 833 2077 vin-

605 2095 687 2134 cula,

252 2144 376 2179 Nostra.
418 2144 558 2177 clemens
602 2143 680 2176 audi
721 2151 833 2183 preca-

603 2192 701 2225 mina.

254 2283 279 2317 O
306 2283 421 2324 regina
447 2281 596 2315 eoelestis
621 2279 755 2322 gloriae,

250 2331 430 2374 Dignitatis
458 2334 489 2364 et
516 2330 739 2370 excellentiae,

249 2383 315 2416 Per
330 2385 364 2414 te
381 2380 486 2424 nobis,
513 2389 532 2413 0
548 2383 654 2413 mater
671 2380 797 2420 veniae,

249 2431 450 2465 Remittatur
475 2430 602 2471 pondus
622 2428 796 2471 nequitiae.

907 2232 941 2265 4.

1306 1994 1397 2027 tium.

969 2044 1093 2078 Gloria.
1108 2043 1191 2085 laus,
1206 2047 1332 2085 portus,
1351 2042 1541 2084 remedium,

970 2093 1136 2134 Virginale
1163 2092 1227 2126 Dei
1255 2092 1446 2132 sacrarium,

967 2142 1035 2176 Fae
1054 2152 1112 2175 nos
1133 2142 1214 2175 coeli
1230 2145 1394 2174 consortes
1411 2140 1541 2176 civium,

971 2230 1062 2264 Siout
1085 2239 1161 2264 rosa
1184 2230 1223 2263 de
1250 2230 1364 2271 spinae
1381 2229 1526 2271 germine

970 2280 1116 2314 Nascens
1136 2282 1231 2313 ornat
1247 2279 1333 2312 hanc
1359 2278 1541 2319 pulchritu-

1307 2327 1392 2364 dine,

966 2378 1023 2411 Sic
1046 2378 1082 2410 in
1107 2381 1182 2410 tuae
1208 2378 1313 2420 gentis
1340 2377 1477 2420 origine,

969 2428 1082 2469 Virgo,
1105 2429 1140 2460 tu
1163 2436 1196 2460 es
1216 2426 1372 2461 virtutum
1391 2426 1541 2461 culmine.
