1656 2674
758 87 1022 124 *155—

215 259 271 293 31.
299 259 386 301 Ave,
414 269 492 294 arca
516 261 659 302 pietatis,

353 309 456 349 Quam
482 318 591 342 sumus
617 310 764 345 Beseleel

303 357 388 390 Olim
415 357 495 390 fecit
518 358 690 399 pulchram
712 361 791 393 satis

350 407 416 440 Pro
441 409 548 438 matre
572 407 776 450 Emmanuel,

300 454 368 494 Quo
396 456 438 488 ad
464 455 550 487 viam
577 456 726 489 veritatis

346 503 528 536 Vocaretur
554 505 668 539 Israel.

216 561 273 595 32.
301 561 385 602 Ave,
413 570 496 603 quae
523 563 733 596 caecutientis

350 610 470 643 Mundi
491 609 601 643 aufers
627 611 792 655 tenebras,

301 657 424 691 Summi
449 661 561 691 natum
589 660 664 692 dum
691 659 851 701 gignentis

349 707 456 741 Carne
484 715 523 739 ex
549 712 582 739 te
607 717 754 750 generas,

295 754 394 787 Nunc
421 757 454 788 et
481 753 612 788 fraudes
632 756 859 798 prosequentis

345 803 474 837 Inimici
501 807 660 837 conteras

212 862 269 896 33.
296 861 380 902 Ave,
409 862 512 903 virgo,
540 863 636 896 stella
660 863 772 904 maris,

348 910 438 950 Quae
462 919 523 950 per
547 911 661 943 mundi
687 912 819 944 climata

298 957 470 999 Splendes,
494 959 583 999 juste
608 960 656 991 sic
680 961 808 993 vocaris

347 1007 490 1047 Operum
516 1007 556 1040 ob
583 1008 711 1049 merita,

295 1055 404 1087 Vitam
429 1055 524 1088 nobis
550 1056 701 1097 largiaris

345 1104 434 1138 Coeli
460 1104 502 1136 ad
529 1105 701 1145 agalmata.

209 1162 266 1195 34.
293 1162 377 1203 Ave,
402 1162 506 1202 virgo,
534 1162 615 1194 coeli
639 1166 746 1203 porta,

343 1210 444 1243 Porta
469 1210 659 1251 sapientiae,

294 1259 361 1292 Per
386 1266 481 1299 quam
508 1258 596 1290 salus
623 1262 671 1290 est
701 1263 814 1291 exorta

341 1306 436 1340 Filiis
464 1306 630 1349 ecclesiae,

292 1354 340 1387 Te
364 1354 575 1388 laudantibus
602 1360 736 1396 reporta

339 1403 470 1436 Donum
494 1403 727 1444 indulgentiae.

206 1462 261 1495 35.
289 1461 371 1506 Ave,
397 1461 512 1494 mundi
535 1462 592 1494 lux
618 1471 733 1494 serena

337 1510 384 1543 Et
409 1510 553 1543 solamen
579 1511 730 1554 tristium,

288 1558 378 1591 Audi
404 1567 512 1599 voces,
539 1559 638 1591 laude
662 1560 770 1600 plena,

339 1607 416 1641 Tibi
442 1605 679 1649 famulantium,

290 1656 375 1697 Quos
402 1657 444 1689 ad
470 1656 552 1688 coeli
580 1656 642 1689 duc
668 1665 804 1689 amoena

337 1704 456 1738 Mundi
480 1707 557 1745 post
582 1706 742 1738 exsilium.

203 1860 263 1896 41.
289 1860 373 1902 Ave,
402 1860 658 1895 Christianitatis

339 1909 461 1942 Salutis
486 1909 627 1951 initium,

291 1958 427 1998 Quando
455 1958 539 1991 dono
567 1958 698 1991 deitatis

339 2007 526 2049 Concepisti
551 2006 664 2046 filium,

291 2057 424 2091 Cunctis
449 2060 598 2096 praestes
624 2055 791 2089 tribulatis

340 2105 443 2138 Tuum
472 2105 681 2146 adjutorium.

199 2165 258 2199 42.
283 2163 367 2205 Ave,
395 2163 584 2197 veneranda
605 2164 743 2196 multum

337 2213 417 2246 Tuis
447 2212 671 2257 dilectoribus,

286 2262 392 2295 Tuum
419 2261 473 2304 qui
500 2264 681 2303 sequuntur
708 2262 829 2295 cultum

336 2311 415 2345 Cum
444 2311 570 2345 devotis
598 2310 763 2353 cordibus,

283 2359 391 2395 Aufer
408 2369 512 2401 omne,
532 2361 619 2402 quod
639 2363 689 2393 est
701 2361 846 2399 stultum,

336 2410 469 2444 Cunctis
498 2418 569 2442 cum
594 2409 809 2444 maeroribus.

908 2165 964 2198 44.

923 265 979 299 36.
1005 265 1088 306 Ave,
1115 266 1219 296 mater
1243 265 1323 298 Jesu
1349 264 1481 309 Christi,

1056 313 1156 353 Quem
1181 313 1273 353 virgo
1298 314 1469 354 concipere

1005 362 1099 395 Dono
1124 360 1187 394 Dei
1211 362 1360 394 meruisti

1055 410 1237 449 Posteaque
1262 410 1394 451 gignere

1005 458 1098 491 Plebi
1120 460 1188 499 jam
1216 458 1362 491 credenti
1385 459 1474 491 tristi

1053 506 1208 548 Digneris
1232 515 1431 539 succurrere.

971 591 978 598 .
1005 565 1086 607 Ave,
1114 565 1215 605 virg0,
1242 563 1318 605 fide,
1344 565 1443 605 plena

1055 612 1251 653 Cunctisque
1273 613 1457 656 virtutibus,

1006 661 1116 693 Mater
1140 660 1271 702 Christi,
1298 670 1373 702 spes
1399 670 1515 694 serena

1053 709 1128 742 Tibi
1154 709 1417 751 adhaerentibus,

1003 756 1134 799 Frange
1160 757 1261 789 hostis
1287 766 1425 799 nequam
1447 757 1545 791 frena

1053 805 1126 839 Suis
1154 814 1225 837 cum
1252 802 1474 847 complicibus,

968 891 974 897 .
1001 864 1082 907 Ave,
1110 863 1223 896 mundi
1249 864 1457 908 consolatrix,

1050 912 1132 952 Ave,
1160 920 1235 952 spes
1261 912 1441 954 humilium,

1004 961 1190 1001 Salutisque
1214 963 1346 992 nostrae
1373 961 1493 1003 datrix,

1052 1009 1077 1042 O
1103 1008 1239 1049 pudoris
1265 1008 1380 1050 lilium,

1001 1056 1083 1089 Esto
1108 1060 1222 1089 nostra
1246 1057 1430 1089 excusatrix

1050 1104 1149 1146 Apud
1171 1108 1259 1136 tuum
1286 1104 1397 1138 filium.

965 1187 973 1195 .
1000 1164 1081 1204 Ave,
1108 1171 1233 1203 gemma
1256 1163 1411 1204 pretiosa,

1049 1210 1184 1243 Gemma
1209 1210 1460 1251 splendorifera,

1001 1258 1122 1291 Taetra
1148 1258 1290 1291 reddens
1314 1259 1476 1293 luminosa

1049 1308 1127 1340 Plus
1154 1316 1249 1347 quam
1277 1308 1359 1340 coeli
1386 1309 1508 1348 sidera,

999 1354 1105 1388 Aufer
1131 1364 1204 1388 mea
1229 1356 1357 1397 vitiosa,

1048 1404 1172 1437 Nostra
1196 1413 1302 1446 purga
1326 1405 1461 1441 scelera.

961 1488 968 1495 .
994 1462 1077 1503 Ave,
1106 1463 1256 1507 clemens,
1286 1472 1346 1495 ave
1370 1464 1436 1507 pia,

1043 1511 1117 1543 Ave
1139 1514 1246 1543 mater
1271 1512 1371 1553 regia,

994 1558 1095 1599 Quam
1122 1563 1279 1592 ornarunt
1302 1560 1337 1592 in
1360 1560 1423 1593 hac
1447 1561 1502 1594 via

1044 1608 1134 1641 Mira
1158 1608 1342 1650 privilegia,

997 1656 1069 1689 Hac
1096 1656 1268 1690 laudantes
1294 1659 1424 1698 poetria

1045 1705 1094 1738 Te
1121 1706 1184 1738 duc
1208 1705 1252 1738 ad
1279 1706 1441 1741 coelestia.

960 1885 966 1892 .
995 1860 1078 1904 Ave,
1103 1860 1184 1893 felix
1210 1870 1228 1893 o
1250 1861 1369 1905 Maria,

1045 1909 1146 1949 Quam
1172 1919 1258 1942 nunc
1279 1910 1374 1951 plebs
1393 1910 1558 1945 catholica

996 1957 1093 1990 Dulci
1119 1958 1235 1992 laudat
1259 1959 1403 1992 melodia

1043 2008 1095 2040 Ac
1120 2016 1180 2049 per
1205 2007 1337 2039 laudum
1366 2009 1502 2051 cantica,

992 2056 1024 2088 A
1050 2065 1114 2097 qua
1139 2056 1227 2098 pelle
1252 2065 1351 2097 prece
1377 2058 1431 2098 pia

1043 2104 1184 2138 Satanae
1210 2105 1449 2146 phantasmata.

993 2163 1075 2203 Ave,
1104 2171 1186 2205 quae
1211 2163 1245 2195 in
1273 2164 1362 2196 coelo
1388 2164 1514 2206 gaudes

1042 2212 1163 2254 Magno
1189 2212 1288 2245 valde
1311 2213 1440 2254 gaudio,

990 2262 1080 2294 Audi
1106 2264 1319 2294 venerantum
1344 2262 1458 2295 laudes

1045 2310 1093 2343 Te
1119 2309 1228 2343 cordis
1254 2311 1411 2355 tripudio,

995 2358 1043 2392 Et
1061 2359 1197 2393 hostiles
1222 2359 1326 2400 pellat
1353 2359 1487 2394 fraudes

1046 2409 1116 2442 Tua
1141 2409 1344 2443 intercessio.
