1656 2674
695 64 741 69 ——
793 43 863 80 140
916 64 960 68 —

658 137 708 169 42.
730 136 941 170 Abecedarius
964 137 992 168 2.

183 211 216 243 1.
243 207 334 244 Arca
362 209 439 242 novi
465 209 631 240 continens

293 258 417 290 Manna
439 257 636 298 testamenti,

239 306 331 347 Quod
358 307 407 337 est
431 313 489 338 nos
516 303 664 337 reficiens

288 354 329 387 In
351 352 421 386 vita
444 353 621 394 praesenti,

239 402 346 434 Aures
373 403 440 433 esto
467 401 644 433 admonens

290 449 394 482 Odam
419 449 504 482 hanc
530 449 669 489 canenti,

240 499 341 539 Quam
366 506 436 530 sum
463 505 520 529 ore
546 498 718 530 concinens

292 545 462 586 Cordeque
486 545 650 586 gaudenti.

206 639 212 648 ,
239 610 423 648 Benedicta
445 613 563 646 millies

288 661 350 702 Sis,
379 670 397 693 ο
423 661 609 704 Sunamitis,

238 711 330 743 Inter
355 719 465 743 omnes
494 709 636 751 virgines

285 759 444 799 Prudens,
473 762 570 798 casta,
600 758 698 799 mitis,

237 807 340 841 Nobis
366 807 561 848 repropities

286 855 408 889 Filium
434 854 593 895 corruitis,

234 905 286 938 Ne
309 907 386 944 post
408 912 517 936 rerum
543 904 675 936 ordines

284 952 462 994 {Iungamur
487 952 671 992 praescitis

202 1041 209 1049 .
238 1011 382 1048 Oarnalis
407 1014 595 1047 incendium

284 1062 425 1095 Auferas
453 1062 580 1103 caloris,

234 1112 335 1152 Iram,
361 1111 480 1152 gulam,
507 1112 616 1143 odium

283 1159 471 1200 Malumque
495 1159 619 1196 livoris,

233 1208 367 1241 Peccati
391 1207 521 1240 initium

283 1256 330 1289 Et
351 1265 470 1289 noxam
496 1256 649 1297 torporis,

233 1304 391 1338 Divinum
415 1304 594 1336 remedium

282 1352 386 1385 Nobis
414 1352 495 1385 dans
521 1353 650 1385 amoris.

200 1442 207 1449 .
234 1413 341 1449 Decus
368 1425 386 1448 ο
412 1415 607 1456 mortalium,

283 1463 380 1497 Nunc
405 1472 478 1495 cum
502 1464 712 1504 redemptore

236 1512 433 1546 Praesidens
461 1512 648 1544 coelestium

283 1560 400 1595 Ghoris
428 1569 498 1593 cum
522 1560 657 1602 honore,

232 1609 507 1642 Intellectualium

282 1657 447 1691 Virtutum
473 1656 648 1697 splendore

232 1706 301 1739 Nos
328 1709 424 1748 atque
449 1705 621 1738 moralium

280 1755 386 1788 Indue
413 1754 539 1787 decore.

198 1844 204 1850 .
231 1813 326 1858 Ejiee
353 1816 537 1861 perfidiam,

281 1866 552 1907 Desperationem

229 1915 430 1956 Praestaque
456 1914 663 1948 concordiam

278 1964 325 1996 Et
351 1964 564 2005 dilectionem,

231 2011 329 2045 Fidei
355 2013 569 2045 constantiam

276 2061 321 2093 Et
347 2059 578 2100 defensionem,

230 2107 343 2141 Hostis
368 2117 429 2149 per
453 2109 663 2150 prudentiam

278 2156 332 2189 Da
356 2157 550 2192 evasionem.

196 2245 203 2252 .
230 2215 317 2253 Fons
345 2228 389 2260 es,
416 2220 471 2260 qui
495 2219 529 2251 in
554 2218 688 2253 fluvium

279 2267 460 2300 Maximum
488 2269 627 2311 crevisti,

232 2314 336 2348 Carne
361 2317 489 2357 quando
516 2315 617 2350 filium

278 2363 341 2396 Dei
366 2364 515 2405 genuisti,

945 208 1063 248 Sicque
1088 206 1201 240 sordes
1227 206 1384 239 mentium

992 255 1189 289 Nostrarum
1214 255 1334 296 lavisti,

946 304 1055 338 Corda
1081 304 1259 337 sitientium

992 352 1085 385 Bona
1108 350 1266 386 refecisti.

883 420 914 454 7.
944 416 1078 454 Grande
1101 420 1169 460 jam
1196 420 1353 453 ecclesiae

850 1625 906 1659 10.

850 2027 906 2062 11.

989 469 1098 501 Instat
1125 470 1364 509 detrimentum,

940 517 1035 557 Quod
1059 525 1119 558 per
1143 520 1220 550 tuae
1244 518 1369 558 gratiae

988 564 1095 599 Aufer
1116 566 1346 606 interventum,

940 614 1027 647 Nam
1052 623 1114 655 per
1137 614 1313 648 idolatriae

988 662 1154 696 Premitur
1180 667 1382 704 conventum,

940 711 987 744 Et
1010 711 1094 744 illud
1121 712 1267 752 quotidie

987 759 1093 792 Sumit
1115 760 1360 794 incrementum.

904 847 911 855 .
939 819 1194 857 Honorificentia

985 870 1093 911 Hujus
1120 871 1279 904 cantionis

938 919 1079 960 Repleat
1102 929 1155 952 me
1180 919 1286 960 gratia

988 967 1235 1011 Consolationis,

937 1015 1045 1049 Pellat
1070 1016 1299 1057 perturbantia

987 1064 1148 1106 Tempore
1173 1065 1285 1106 agonis

937 1112 1067 1153 Detque
1090 1111 1157 1145 frui
1181 1113 1286 1155 gloria

985 1160 1049 1194 Dei
1075 1161 1218 1195 visioniS.

904 1252 911 1258 .
936 1220 976 1258 In
1003 1224 1184 1265 expiatorio

984 1272 1109 1306 Releva
1135 1272 1292 1313 dolentes,

938 1320 999 1360 Qui
1022 1330 1083 1361 pro
1109 1321 1272 1361 adjutorio

983 1369 1039 1402 Ad
1064 1372 1098 1402 te
1124 1370 1267 1402 clamant
1290 1368 1419 1415 flentes,

936 1417 1069 1457 Nosque
1093 1418 1206 1451 mundi
1232 1418 1338 1451 stadio

985 1465 1031 1498 Te
1058 1466 1289 1499 benedicentes

934 1513 1005 1546 Fac
1030 1515 1063 1546 in
1090 1516 1173 1547 coeli
1199 1515 1280 1548 solio

984 1562 1122 1604 Semper
1147 1566 1180 1596 te
1204 1564 1364 1599 videntes

933 1622 1090 1660 Karisma
1115 1628 1148 1658 te
1173 1626 1308 1667 spiritus

985 1674 1097 1707 Sancti
1122 1673 1322 1717 fecundavit,

934 1722 1046 1755 Virtus
1072 1722 1136 1756 Dei
1162 1724 1298 1757 coelitus

983 1771 1064 1805 Cum
1089 1774 1122 1804 te
1148 1772 1365 1813 obumbravit,

935 1819 1108 1854 Sataninos
1133 1821 1275 1861 impetus

983 1869 1038 1902 Sic
1063 1870 1241 1911 evacuavit,

935 1917 996 1957 Qui
1021 1918 1155 1952 novenis
1179 1918 1344 1952 mensibus

982 1967 1022 2000 In
1048 1970 1081 1999 te
1105 1966 1276 2001 habitavit.

933 2025 1058 2063 Laudis
1085 2030 1180 2070 hujus
1206 2030 1324 2073 hostia,

981 2077 1094 2120 Virgo,
1122 2088 1218 2120 quam
1251 2079 1405 2121 depromo

934 2126 1079 2159 Ostendo
1104 2127 1269 2160 industria

982 2174 1115 2216 Mentis,
1144 2185 1208 2216 qua
1234 2179 1266 2208 te
1292 2185 1377 2218 amo,

933 2222 1049 2255 Coi-dis
1074 2223 1108 2255 in
1135 2225 1285 2263 angustia

981 2269 1128 2303 Moestus
1155 2271 1198 2304 ad
1222 2275 1254 2304 te
1281 2273 1396 2315 clamo,

932 2318 1129 2352 Praeserves
1157 2329 1198 2353 ex
1222 2321 1348 2363 gratiae

982 2366 1039 2399 Me
1065 2367 1105 2401 ab
1131 2368 1235 2401 hostis
1261 2370 1367 2404 hamo.

1409 2108 1417 2125 2
