1656 2674
147 152 205 188 12.
233 151 372 188 Mortem
400 154 505 187 carnis
531 153 707 195 naufragae

148 580 206 615 13.

150 1004 207 1038 14.

151 1429 206 1463 15.

154 1856 210 1890 16.

280 202 348 236 Fac
374 212 432 235 nos
458 203 590 241 evitare,

232 248 398 285 Vanitatis
424 250 548 284 defluae

281 300 364 333 Rete
392 300 566 336 declinare.

234 345 359 382 Luxum
385 347 628 388 perfunctoriae

286 397 382 430 Vitae
407 398 610 441 propulsare,

235 442 274 479 In
301 448 376 479 tuae
404 445 593 479 clementiae

283 494 362 527 Sinu
387 495 562 534 respirare.

234 577 322 614 Ecce
345 582 412 621 jam
437 580 471 613 in
498 581 648 613 sordibus

285 629 407 662 Foedis
431 629 624 670 volutamur,

232 674 401 711 Recidivis
428 677 532 709 anxiis

281 726 403 758 Iterum
429 735 611 766 gravamur.

233 770 416 814 Insperatis
441 774 587 807 hostibus

280 822 413 863 Ubique
437 823 609 861 vallamur,

236 868 380 909 Quorum
406 870 446 902 ab
472 871 654 904 incursibus

285 919 315 950 A
341 922 373 950 te
399 922 617 959 protegamur.

234 1001 319 1039 I'eni
343 1014 419 1045 ergo
446 1006 589 1044 coelitus,

282 1053 406 1094 Regina
431 1054 572 1090 virtutis,

236 1099 423 1143 suffragare
450 1102 544 1134 citius

282 1150 352 1190 Ope
379 1150 554 1185 destitutis,

234 1194 276 1231 Et
303 1199 369 1230 suis
396 1199 585 1239 perplexius

283 1246 445 1279 Faecibus
471 1247 604 1280 imbutis

237 1292 360 1328 Tribue
386 1295 576 1328 clementius

286 1343 421 1376 Veniam
447 1344 571 1377 salutis.

235 1426 476 1463 Blandimentis
501 1432 607 1463 noxiis

286 1479 370 1511 Jubc
396 1488 454 1511 nos
480 1479 620 1519 obstare,

236 1524 281 1561 Et
306 1528 488 1568 quibusque
512 1528 601 1560 vitiis

289 1575 403 1608 Carnis
429 1576 561 1609 obviare

238 1621 371 1658 Necnon
397 1624 567 1657 lenociniis

286 1672 404 1706 Mundi
428 1681 611 1715 repugnare

237 1717 283 1754 Et
310 1722 466 1754 virtutum
491 1723 608 1756 studiis

286 1770 432 1803 Mentem
459 1771 637 1812 applicare.

237 1853 299 1891 Da.
327 1861 361 1889 ut
389 1857 436 1889 sic
460 1856 617 1900 flagitium

288 1906 389 1939 Omne
415 1908 652 1947 propulsemus.

237 1951 350 1995 Ipsum
377 1963 485 1996 regem
511 1957 671 1989 scelerum

290 2004 334 2037 Ut
361 2012 602 2044 exsuperemus,

239 2048 337 2092 Cujus
360 2053 570 2092 supercilium

289 2100 342 2133 Sic
370 2100 582 2140 eliminemus,

240 2144 346 2181 Tuum
372 2157 433 2190 per
451 2151 607 2183 auxilium

287 2196 338 2229 Ne
364 2198 592 2233 recidivemus,

223 2290 305 2319 Orat.
332 2302 386 2321 ms.
412 2293 612 2331 Tegrinsense
644 2302 722 2323 saec.
751 2294 796 2324 15.
840 2295 913 2323 Chn.
941 2298 1114 2329 Monacens.
1138 2298 1249 2330 20001.
1277 2302 1328 2330 fol.
1350 2301 1388 2332 79
1401 2304 1431 2332 b.
1452 2319 1490 2322 —

143 2326 187 2359 13.
203 2329 221 2356 ’7
239 2330 343 2366 Gegen
357 2332 411 2359 ‹ia-z
424 2332 636 2362 Ala-ostiolum.
651 2331 698 2365 21,
717 2333 734 2362 5
751 2334 900 2363 Christum
924 2340 954 2364 et
972 2337 1027 2365 Hs.
1043 2347 1141 2376 gegen
1154 2340 1208 2368 das
1222 2341 1438 2371 Akrostiehon.
1452 2359 1491 2363 -—

687 76 733 80 -
783 55 829 91 50
879 75 927 79 -

850 154 906 187 17.

850 579 906 613 18.

934 151 1029 194 Ueni,
1057 153 1142 194 veni,
1168 161 1321 194 propera..

982 202 1093 234 Mater
1118 202 1349 242 orphanorum,

935 247 1036 284 Salva
1060 258 1144 292 reos,
1172 250 1303 282 vincula

984 298 1113 331 Laxans
1137 302 1357 340 peccatorum,

937 344 1051 381 Firma
1075 347 1260 380 vacillantia

983 395 1093 429 Corda
1116 396 1320 435 miserorum,

933 441 1068 485 Rogans
1093 453 1192 485 prece
1218 444 1332 478 sedula

983 493 1107 534 Regem
1132 494 1331 535 angelorum«

934 576 979 614 I't
1005 580 1040 612 in
1064 579 1158 612 nobis
1184 580 1317 613 roboret

983 629 1086 662 Omne
1113 629 1310 666 decoratum„

934 673 1060 711 Clarius
1084 677 1225 710 elucidet

985 725 1048 758 Cor
1073 725 1331 761 obtenebratum,

936 771 1059 815 Tergat
1086 776 1117 805 et
1144 774 1289 807 eliminet

983 823 1138 862 Quodque
1166 822 1388 864 depravatum,

931 867 1071 904 seniam
1092 871 1298 911 multiplicet.

851 1004 907 1038 19.

854 1431 910 1465 20.

858 1860 914 1894 21.

982 918 1101 951 Deleat
1127 924 1262 953 reatum.

936 1003 992 1039 Sic
1017 1008 1075 1038 tua
1100 1005 1285 1047 benignitas

984 1054 1088 1087 Nobis
1114 1053 1319 1096 suffragetur,

934 1098 981 1134 Vt
1008 1103 1111 1135 omnis
1137 1103 1291 1143 iniquitas

985 1151 1089 1183 Nobis
1116 1152 1293 1187 relaxetur«

936 1195 981 1233 Et
1009 1208 1079 1232 curn
1104 1200 1191 1232 vitae
1216 1200 1359 1233 stadium

985 1248 1091 1288 Hujus
1119 1249 1314 1290 destruetur,

938 1292 1041 1330 Nobis
1064 1305 1184 1336 perpes
1210 1297 1361 1330 bravium

990 1345 1055 1378 Per
1079 1347 1112 1376 te
1139 1345 1350 1379 condonetur.

939 1428 1058 1472 Tuere,
1082 1441 1162 1472 quos
1187 1435 1333 1466 carcerat

987 1482 1079 1514 Haec
1102 1481 1172 1513 vita
1197 1481 1355 1522 poenalis.

940 1526 1114 1570 Reprobos
1140 1538 1214 1562 cum
1238 1529 1334 1563 feriet

990 1578 1082 1610 Mors
1108 1578 1336 1612 interminalis.

941 1624 1020 1667 Ipse
1047 1635 1105 1659 nos
1132 1636 1173 1659 ne
1199 1627 1352 1668 reprobet

990 1675 1079 1707 Deus
1105 1677 1294 1718 aeternalis,

941 1720 1008 1758 Sed
1033 1724 1192 1765 benignus
1218 1725 1336 1758 liberet

990 1774 1022 1806 A
1048 1773 1228 1814 quibusque
1250 1774 1355 1807 malis.

943 1858 1066 1895 Tecum
1091 1863 1126 1893 ut
1151 1861 1184 1893 in
1214 1861 1349 1894 dextera

992 1910 1110 1943 Omnes
1138 1910 1343 1949 collocemur,

941 1955 1008 1992 sbi
1035 1963 1065 1991 et
1091 1967 1152 1999 per
1175 1961 1307 1992 saecula

993 2007 1071 2040 Vita
1093 2008 1312 2050 jucundemur

943 2053 1054 2090 Iesum
1077 2060 1109 2088 et
1134 2057 1168 2089 in
1194 2058 1299 2099 gloria

993 2106 1101 2139 Patris
1129 2108 1395 2148 contemplemur,

945 2151 1023 2188 Cum
1050 2159 1163 2188 sancto
1189 2156 1367 2196 spiramine

993 2203 1130 2243 Semper
1158 2213 1358 2239 veneremur.
